%YAML 1.1
%TAG !u! tag:unity3d.com,2011:
--- !u!1 &2956294562378794134
GameObject:
  m_ObjectHideFlags: 0
  m_CorrespondingSourceObject: {fileID: 0}
  m_PrefabInstance: {fileID: 0}
  m_PrefabAsset: {fileID: 0}
  serializedVersion: 6
  m_Component:
  - component: {fileID: 5529677237149607086}
  - component: {fileID: 8356988509461496244}
  - component: {fileID: 1108334729997188890}
  - component: {fileID: 2956294562378794131}
  - component: {fileID: 2956294562378794132}
  - component: {fileID: 2956294562378794133}
  m_Layer: 9
  m_Name: Cube.012
  m_TagString: Untagged
  m_Icon: {fileID: 0}
  m_NavMeshLayer: 0
  m_StaticEditorFlags: 0
  m_IsActive: 1
--- !u!4 &5529677237149607086
Transform:
  m_ObjectHideFlags: 0
  m_CorrespondingSourceObject: {fileID: 0}
  m_PrefabInstance: {fileID: 0}
  m_PrefabAsset: {fileID: 0}
  m_GameObject: {fileID: 2956294562378794134}
  m_LocalRotation: {x: 0, y: -0, z: -0, w: 1}
  m_LocalPosition: {x: 0.6956088, y: -0.48668972, z: 0.043251757}
  m_LocalScale: {x: 1, y: 1, z: 1}
  m_Children:
  - {fileID: 1550519040531946799}
  - {fileID: 1550519041756037886}
  - {fileID: 1550519039712743252}
  m_Father: {fileID: 6578918240094766341}
  m_RootOrder: 3
  m_LocalEulerAnglesHint: {x: 0, y: 0, z: 0}
--- !u!33 &8356988509461496244
MeshFilter:
  m_ObjectHideFlags: 0
  m_CorrespondingSourceObject: {fileID: 0}
  m_PrefabInstance: {fileID: 0}
  m_PrefabAsset: {fileID: 0}
  m_GameObject: {fileID: 2956294562378794134}
  m_Mesh: {fileID: -5741174448488666723, guid: 371eaaa8f0c5df944baf8a0795cdc3e8, type: 3}
--- !u!23 &1108334729997188890
MeshRenderer:
  m_ObjectHideFlags: 0
  m_CorrespondingSourceObject: {fileID: 0}
  m_PrefabInstance: {fileID: 0}
  m_PrefabAsset: {fileID: 0}
  m_GameObject: {fileID: 2956294562378794134}
  m_Enabled: 1
  m_CastShadows: 1
  m_ReceiveShadows: 1
  m_DynamicOccludee: 1
  m_MotionVectors: 1
  m_LightProbeUsage: 1
  m_ReflectionProbeUsage: 1
  m_RayTracingMode: 2
  m_RayTraceProcedural: 0
  m_RenderingLayerMask: 1
  m_RendererPriority: 0
  m_Materials:
  - {fileID: -3846018093981099296, guid: 371eaaa8f0c5df944baf8a0795cdc3e8, type: 3}
  - {fileID: -876546973899608171, guid: 371eaaa8f0c5df944baf8a0795cdc3e8, type: 3}
  - {fileID: -6478536213147159724, guid: 371eaaa8f0c5df944baf8a0795cdc3e8, type: 3}
  m_StaticBatchInfo:
    firstSubMesh: 0
    subMeshCount: 0
  m_StaticBatchRoot: {fileID: 0}
  m_ProbeAnchor: {fileID: 0}
  m_LightProbeVolumeOverride: {fileID: 0}
  m_ScaleInLightmap: 1
  m_ReceiveGI: 1
  m_PreserveUVs: 0
  m_IgnoreNormalsForChartDetection: 0
  m_ImportantGI: 0
  m_StitchLightmapSeams: 1
  m_SelectedEditorRenderState: 3
  m_MinimumChartSize: 4
  m_AutoUVMaxDistance: 0.5
  m_AutoUVMaxAngle: 89
  m_LightmapParameters: {fileID: 0}
  m_SortingLayerID: 0
  m_SortingLayer: 0
  m_SortingOrder: 0
  m_AdditionalVertexStreams: {fileID: 0}
--- !u!65 &2956294562378794131
BoxCollider:
  m_ObjectHideFlags: 0
  m_CorrespondingSourceObject: {fileID: 0}
  m_PrefabInstance: {fileID: 0}
  m_PrefabAsset: {fileID: 0}
  m_GameObject: {fileID: 2956294562378794134}
  m_Material: {fileID: 0}
  m_IsTrigger: 0
  m_Enabled: 1
  serializedVersion: 2
  m_Size: {x: 2.9111123, y: 2.9111133, z: 3.1555574}
  m_Center: {x: -0.57337, y: 0.36447036, z: -0.043234468}
--- !u!54 &2956294562378794132
Rigidbody:
  m_ObjectHideFlags: 0
  m_CorrespondingSourceObject: {fileID: 0}
  m_PrefabInstance: {fileID: 0}
  m_PrefabAsset: {fileID: 0}
  m_GameObject: {fileID: 2956294562378794134}
  serializedVersion: 2
  m_Mass: 1
  m_Drag: 0
  m_AngularDrag: 0.05
  m_UseGravity: 0
  m_IsKinematic: 1
  m_Interpolate: 0
  m_Constraints: 0
  m_CollisionDetection: 0
--- !u!114 &2956294562378794133
MonoBehaviour:
  m_ObjectHideFlags: 0
  m_CorrespondingSourceObject: {fileID: 0}
  m_PrefabInstance: {fileID: 0}
  m_PrefabAsset: {fileID: 0}
  m_GameObject: {fileID: 2956294562378794134}
  m_Enabled: 1
  m_EditorHideFlags: 0
  m_Script: {fileID: 11500000, guid: d6c165ef50f6e404781ff8cc5bf2c8ea, type: 3}
  m_Name: 
  m_EditorClassIdentifier: 
--- !u!1 &3742081077522829348
GameObject:
  m_ObjectHideFlags: 0
  m_CorrespondingSourceObject: {fileID: 0}
  m_PrefabInstance: {fileID: 0}
  m_PrefabAsset: {fileID: 0}
  serializedVersion: 6
  m_Component:
  - component: {fileID: 147456160632080169}
  - component: {fileID: 3839382123613615620}
  - component: {fileID: 7439560218505762411}
  - component: {fileID: 3742081077522829345}
  - component: {fileID: 3742081077522829346}
  - component: {fileID: 3742081077522829347}
  m_Layer: 9
  m_Name: Cube.011
  m_TagString: Untagged
  m_Icon: {fileID: 0}
  m_NavMeshLayer: 0
  m_StaticEditorFlags: 0
  m_IsActive: 1
--- !u!4 &147456160632080169
Transform:
  m_ObjectHideFlags: 0
  m_CorrespondingSourceObject: {fileID: 0}
  m_PrefabInstance: {fileID: 0}
  m_PrefabAsset: {fileID: 0}
  m_GameObject: {fileID: 3742081077522829348}
  m_LocalRotation: {x: 0, y: -0, z: -0, w: 1}
  m_LocalPosition: {x: 0.76459664, y: 0.63471735, z: -0.58882093}
  m_LocalScale: {x: 1, y: 1, z: 1}
  m_Children:
  - {fileID: 1550519039677726944}
  - {fileID: 1550519040057416195}
  - {fileID: 1550519039926631942}
  m_Father: {fileID: 6578918240094766341}
  m_RootOrder: 2
  m_LocalEulerAnglesHint: {x: 0, y: 0, z: 0}
--- !u!33 &3839382123613615620
MeshFilter:
  m_ObjectHideFlags: 0
  m_CorrespondingSourceObject: {fileID: 0}
  m_PrefabInstance: {fileID: 0}
  m_PrefabAsset: {fileID: 0}
  m_GameObject: {fileID: 3742081077522829348}
  m_Mesh: {fileID: -153830957423991239, guid: 371eaaa8f0c5df944baf8a0795cdc3e8, type: 3}
--- !u!23 &7439560218505762411
MeshRenderer:
  m_ObjectHideFlags: 0
  m_CorrespondingSourceObject: {fileID: 0}
  m_PrefabInstance: {fileID: 0}
  m_PrefabAsset: {fileID: 0}
  m_GameObject: {fileID: 3742081077522829348}
  m_Enabled: 1
  m_CastShadows: 1
  m_ReceiveShadows: 1
  m_DynamicOccludee: 1
  m_MotionVectors: 1
  m_LightProbeUsage: 1
  m_ReflectionProbeUsage: 1
  m_RayTracingMode: 2
  m_RayTraceProcedural: 0
  m_RenderingLayerMask: 1
  m_RendererPriority: 0
  m_Materials:
  - {fileID: -3846018093981099296, guid: 371eaaa8f0c5df944baf8a0795cdc3e8, type: 3}
  - {fileID: -876546973899608171, guid: 371eaaa8f0c5df944baf8a0795cdc3e8, type: 3}
  - {fileID: -6478536213147159724, guid: 371eaaa8f0c5df944baf8a0795cdc3e8, type: 3}
  m_StaticBatchInfo:
    firstSubMesh: 0
    subMeshCount: 0
  m_StaticBatchRoot: {fileID: 0}
  m_ProbeAnchor: {fileID: 0}
  m_LightProbeVolumeOverride: {fileID: 0}
  m_ScaleInLightmap: 1
  m_ReceiveGI: 1
  m_PreserveUVs: 0
  m_IgnoreNormalsForChartDetection: 0
  m_ImportantGI: 0
  m_StitchLightmapSeams: 1
  m_SelectedEditorRenderState: 3
  m_MinimumChartSize: 4
  m_AutoUVMaxDistance: 0.5
  m_AutoUVMaxAngle: 89
  m_LightmapParameters: {fileID: 0}
  m_SortingLayerID: 0
  m_SortingLayer: 0
  m_SortingOrder: 0
  m_AdditionalVertexStreams: {fileID: 0}
--- !u!65 &3742081077522829345
BoxCollider:
  m_ObjectHideFlags: 0
  m_CorrespondingSourceObject: {fileID: 0}
  m_PrefabInstance: {fileID: 0}
  m_PrefabAsset: {fileID: 0}
  m_GameObject: {fileID: 3742081077522829348}
  m_Material: {fileID: 0}
  m_IsTrigger: 0
  m_Enabled: 1
  serializedVersion: 2
  m_Size: {x: 2.66667, y: 2.9111123, z: 3.1555574}
  m_Center: {x: -0.5201366, y: -0.512492, z: 0.5888382}
--- !u!54 &3742081077522829346
Rigidbody:
  m_ObjectHideFlags: 0
  m_CorrespondingSourceObject: {fileID: 0}
  m_PrefabInstance: {fileID: 0}
  m_PrefabAsset: {fileID: 0}
  m_GameObject: {fileID: 3742081077522829348}
  serializedVersion: 2
  m_Mass: 1
  m_Drag: 0
  m_AngularDrag: 0.05
  m_UseGravity: 0
  m_IsKinematic: 1
  m_Interpolate: 0
  m_Constraints: 0
  m_CollisionDetection: 0
--- !u!114 &3742081077522829347
MonoBehaviour:
  m_ObjectHideFlags: 0
  m_CorrespondingSourceObject: {fileID: 0}
  m_PrefabInstance: {fileID: 0}
  m_PrefabAsset: {fileID: 0}
  m_GameObject: {fileID: 3742081077522829348}
  m_Enabled: 1
  m_EditorHideFlags: 0
  m_Script: {fileID: 11500000, guid: d6c165ef50f6e404781ff8cc5bf2c8ea, type: 3}
  m_Name: 
  m_EditorClassIdentifier: 
--- !u!1 &5174958372513014139
GameObject:
  m_ObjectHideFlags: 0
  m_CorrespondingSourceObject: {fileID: 0}
  m_PrefabInstance: {fileID: 0}
  m_PrefabAsset: {fileID: 0}
  serializedVersion: 6
  m_Component:
  - component: {fileID: 8430334441061289263}
  - component: {fileID: 5565443818867866527}
  - component: {fileID: 8968245444888967094}
  - component: {fileID: 5174958372513014136}
  - component: {fileID: 5174958372513014137}
  - component: {fileID: 5174958372513014138}
  m_Layer: 9
  m_Name: Cube.013
  m_TagString: Untagged
  m_Icon: {fileID: 0}
  m_NavMeshLayer: 0
  m_StaticEditorFlags: 0
  m_IsActive: 1
--- !u!4 &8430334441061289263
Transform:
  m_ObjectHideFlags: 0
  m_CorrespondingSourceObject: {fileID: 0}
  m_PrefabInstance: {fileID: 0}
  m_PrefabAsset: {fileID: 0}
  m_GameObject: {fileID: 5174958372513014139}
  m_LocalRotation: {x: 0, y: -0, z: -0, w: 1}
  m_LocalPosition: {x: -1.0059541, y: 0.20894079, z: -0.7152027}
  m_LocalScale: {x: 1, y: 1, z: 1}
  m_Children:
  - {fileID: 1550519040435031091}
  - {fileID: 1550519040820701614}
  - {fileID: 1550519040892803391}
  m_Father: {fileID: 6578918240094766341}
  m_RootOrder: 4
  m_LocalEulerAnglesHint: {x: 0, y: 0, z: 0}
--- !u!33 &5565443818867866527
MeshFilter:
  m_ObjectHideFlags: 0
  m_CorrespondingSourceObject: {fileID: 0}
  m_PrefabInstance: {fileID: 0}
  m_PrefabAsset: {fileID: 0}
  m_GameObject: {fileID: 5174958372513014139}
  m_Mesh: {fileID: 7807538432633192378, guid: 371eaaa8f0c5df944baf8a0795cdc3e8, type: 3}
--- !u!23 &8968245444888967094
MeshRenderer:
  m_ObjectHideFlags: 0
  m_CorrespondingSourceObject: {fileID: 0}
  m_PrefabInstance: {fileID: 0}
  m_PrefabAsset: {fileID: 0}
  m_GameObject: {fileID: 5174958372513014139}
  m_Enabled: 1
  m_CastShadows: 1
  m_ReceiveShadows: 1
  m_DynamicOccludee: 1
  m_MotionVectors: 1
  m_LightProbeUsage: 1
  m_ReflectionProbeUsage: 1
  m_RayTracingMode: 2
  m_RayTraceProcedural: 0
  m_RenderingLayerMask: 1
  m_RendererPriority: 0
  m_Materials:
  - {fileID: -6478536213147159724, guid: 371eaaa8f0c5df944baf8a0795cdc3e8, type: 3}
  - {fileID: -876546973899608171, guid: 371eaaa8f0c5df944baf8a0795cdc3e8, type: 3}
  - {fileID: -3846018093981099296, guid: 371eaaa8f0c5df944baf8a0795cdc3e8, type: 3}
  m_StaticBatchInfo:
    firstSubMesh: 0
    subMeshCount: 0
  m_StaticBatchRoot: {fileID: 0}
  m_ProbeAnchor: {fileID: 0}
  m_LightProbeVolumeOverride: {fileID: 0}
  m_ScaleInLightmap: 1
  m_ReceiveGI: 1
  m_PreserveUVs: 0
  m_IgnoreNormalsForChartDetection: 0
  m_ImportantGI: 0
  m_StitchLightmapSeams: 1
  m_SelectedEditorRenderState: 3
  m_MinimumChartSize: 4
  m_AutoUVMaxDistance: 0.5
  m_AutoUVMaxAngle: 89
  m_LightmapParameters: {fileID: 0}
  m_SortingLayerID: 0
  m_SortingLayer: 0
  m_SortingOrder: 0
  m_AdditionalVertexStreams: {fileID: 0}
--- !u!65 &5174958372513014136
BoxCollider:
  m_ObjectHideFlags: 0
  m_CorrespondingSourceObject: {fileID: 0}
  m_PrefabInstance: {fileID: 0}
  m_PrefabAsset: {fileID: 0}
  m_GameObject: {fileID: 5174958372513014139}
  m_Material: {fileID: 0}
  m_IsTrigger: 0
  m_Enabled: 1
  serializedVersion: 2
  m_Size: {x: 2.1777768, y: 3.1555572, z: 2.4222193}
  m_Center: {x: 0.51708037, y: -0.20893806, z: 0.34855092}
--- !u!54 &5174958372513014137
Rigidbody:
  m_ObjectHideFlags: 0
  m_CorrespondingSourceObject: {fileID: 0}
  m_PrefabInstance: {fileID: 0}
  m_PrefabAsset: {fileID: 0}
  m_GameObject: {fileID: 5174958372513014139}
  serializedVersion: 2
  m_Mass: 1
  m_Drag: 0
  m_AngularDrag: 0.05
  m_UseGravity: 0
  m_IsKinematic: 1
  m_Interpolate: 0
  m_Constraints: 0
  m_CollisionDetection: 0
--- !u!114 &5174958372513014138
MonoBehaviour:
  m_ObjectHideFlags: 0
  m_CorrespondingSourceObject: {fileID: 0}
  m_PrefabInstance: {fileID: 0}
  m_PrefabAsset: {fileID: 0}
  m_GameObject: {fileID: 5174958372513014139}
  m_Enabled: 1
  m_EditorHideFlags: 0
  m_Script: {fileID: 11500000, guid: d6c165ef50f6e404781ff8cc5bf2c8ea, type: 3}
  m_Name: 
  m_EditorClassIdentifier: 
--- !u!1 &5273981435203334796
GameObject:
  m_ObjectHideFlags: 0
  m_CorrespondingSourceObject: {fileID: 0}
  m_PrefabInstance: {fileID: 0}
  m_PrefabAsset: {fileID: 0}
  serializedVersion: 6
  m_Component:
  - component: {fileID: 2252807502045205249}
  - component: {fileID: 2863975780541856340}
  - component: {fileID: 8622299565191512744}
  - component: {fileID: 5273981435203334793}
  - component: {fileID: 5273981435203334794}
  - component: {fileID: 5273981435203334795}
  m_Layer: 9
  m_Name: Cube.004
  m_TagString: Untagged
  m_Icon: {fileID: 0}
  m_NavMeshLayer: 0
  m_StaticEditorFlags: 0
  m_IsActive: 1
--- !u!4 &2252807502045205249
Transform:
  m_ObjectHideFlags: 0
  m_CorrespondingSourceObject: {fileID: 0}
  m_PrefabInstance: {fileID: 0}
  m_PrefabAsset: {fileID: 0}
  m_GameObject: {fileID: 5273981435203334796}
  m_LocalRotation: {x: 0, y: -0, z: -0, w: 1}
  m_LocalPosition: {x: -0.12680559, y: -1.0387481, z: 0.44594318}
  m_LocalScale: {x: 1, y: 1, z: 1}
  m_Children:
  - {fileID: 1550519040559027747}
  - {fileID: 1550519039717703240}
  - {fileID: 1550519040167677369}
  m_Father: {fileID: 6578918240094766341}
  m_RootOrder: 0
  m_LocalEulerAnglesHint: {x: 0, y: 0, z: 0}
--- !u!33 &2863975780541856340
MeshFilter:
  m_ObjectHideFlags: 0
  m_CorrespondingSourceObject: {fileID: 0}
  m_PrefabInstance: {fileID: 0}
  m_PrefabAsset: {fileID: 0}
  m_GameObject: {fileID: 5273981435203334796}
  m_Mesh: {fileID: -5053925668127403250, guid: 371eaaa8f0c5df944baf8a0795cdc3e8, type: 3}
--- !u!23 &8622299565191512744
MeshRenderer:
  m_ObjectHideFlags: 0
  m_CorrespondingSourceObject: {fileID: 0}
  m_PrefabInstance: {fileID: 0}
  m_PrefabAsset: {fileID: 0}
  m_GameObject: {fileID: 5273981435203334796}
  m_Enabled: 1
  m_CastShadows: 1
  m_ReceiveShadows: 1
  m_DynamicOccludee: 1
  m_MotionVectors: 1
  m_LightProbeUsage: 1
  m_ReflectionProbeUsage: 1
  m_RayTracingMode: 2
  m_RayTraceProcedural: 0
  m_RenderingLayerMask: 1
  m_RendererPriority: 0
  m_Materials:
  - {fileID: -3846018093981099296, guid: 371eaaa8f0c5df944baf8a0795cdc3e8, type: 3}
  - {fileID: -876546973899608171, guid: 371eaaa8f0c5df944baf8a0795cdc3e8, type: 3}
  - {fileID: -6478536213147159724, guid: 371eaaa8f0c5df944baf8a0795cdc3e8, type: 3}
  m_StaticBatchInfo:
    firstSubMesh: 0
    subMeshCount: 0
  m_StaticBatchRoot: {fileID: 0}
  m_ProbeAnchor: {fileID: 0}
  m_LightProbeVolumeOverride: {fileID: 0}
  m_ScaleInLightmap: 1
  m_ReceiveGI: 1
  m_PreserveUVs: 0
  m_IgnoreNormalsForChartDetection: 0
  m_ImportantGI: 0
  m_StitchLightmapSeams: 1
  m_SelectedEditorRenderState: 3
  m_MinimumChartSize: 4
  m_AutoUVMaxDistance: 0.5
  m_AutoUVMaxAngle: 89
  m_LightmapParameters: {fileID: 0}
  m_SortingLayerID: 0
  m_SortingLayer: 0
  m_SortingOrder: 0
  m_AdditionalVertexStreams: {fileID: 0}
--- !u!65 &5273981435203334793
BoxCollider:
  m_ObjectHideFlags: 0
  m_CorrespondingSourceObject: {fileID: 0}
  m_PrefabInstance: {fileID: 0}
  m_PrefabAsset: {fileID: 0}
  m_GameObject: {fileID: 5273981435203334796}
  m_Material: {fileID: 0}
  m_IsTrigger: 0
  m_Enabled: 1
  serializedVersion: 2
  m_Size: {x: 3.1555574, y: 2.260844, z: 2.6563096}
  m_Center: {x: 0.12682211, y: 0.5913942, z: -0.196302}
--- !u!54 &5273981435203334794
Rigidbody:
  m_ObjectHideFlags: 0
  m_CorrespondingSourceObject: {fileID: 0}
  m_PrefabInstance: {fileID: 0}
  m_PrefabAsset: {fileID: 0}
  m_GameObject: {fileID: 5273981435203334796}
  serializedVersion: 2
  m_Mass: 1
  m_Drag: 0
  m_AngularDrag: 0.05
  m_UseGravity: 0
  m_IsKinematic: 1
  m_Interpolate: 0
  m_Constraints: 0
  m_CollisionDetection: 0
--- !u!114 &5273981435203334795
MonoBehaviour:
  m_ObjectHideFlags: 0
  m_CorrespondingSourceObject: {fileID: 0}
  m_PrefabInstance: {fileID: 0}
  m_PrefabAsset: {fileID: 0}
  m_GameObject: {fileID: 5273981435203334796}
  m_Enabled: 1
  m_EditorHideFlags: 0
  m_Script: {fileID: 11500000, guid: d6c165ef50f6e404781ff8cc5bf2c8ea, type: 3}
  m_Name: 
  m_EditorClassIdentifier: 
--- !u!1 &5766529353288490943
GameObject:
  m_ObjectHideFlags: 0
  m_CorrespondingSourceObject: {fileID: 0}
  m_PrefabInstance: {fileID: 0}
  m_PrefabAsset: {fileID: 0}
  serializedVersion: 6
  m_Component:
  - component: {fileID: 6578918240094766341}
  m_Layer: 9
  m_Name: Part_Box
  m_TagString: Untagged
  m_Icon: {fileID: 0}
  m_NavMeshLayer: 0
  m_StaticEditorFlags: 0
  m_IsActive: 1
--- !u!4 &6578918240094766341
Transform:
  m_ObjectHideFlags: 0
  m_CorrespondingSourceObject: {fileID: 0}
  m_PrefabInstance: {fileID: 0}
  m_PrefabAsset: {fileID: 0}
  m_GameObject: {fileID: 5766529353288490943}
  m_LocalRotation: {x: 0, y: 0, z: 0, w: 1}
  m_LocalPosition: {x: 0, y: 1, z: 2}
  m_LocalScale: {x: 0.5, y: 0.5, z: 0.5}
  m_Children:
  - {fileID: 2252807502045205249}
  - {fileID: 3024690555340551958}
  - {fileID: 147456160632080169}
  - {fileID: 5529677237149607086}
  - {fileID: 8430334441061289263}
  m_Father: {fileID: 0}
  m_RootOrder: 0
  m_LocalEulerAnglesHint: {x: 0, y: 0, z: 0}
--- !u!1 &9144075886454319626
GameObject:
  m_ObjectHideFlags: 0
  m_CorrespondingSourceObject: {fileID: 0}
  m_PrefabInstance: {fileID: 0}
  m_PrefabAsset: {fileID: 0}
  serializedVersion: 6
  m_Component:
  - component: {fileID: 3024690555340551958}
  - component: {fileID: 2022019092409478549}
  - component: {fileID: 3035741721141228940}
  - component: {fileID: 9144075886454319623}
  - component: {fileID: 9144075886454319624}
  - component: {fileID: 9144075886454319625}
  m_Layer: 9
  m_Name: Cube.010
  m_TagString: Untagged
  m_Icon: {fileID: 0}
  m_NavMeshLayer: 0
  m_StaticEditorFlags: 0
  m_IsActive: 1
--- !u!4 &3024690555340551958
Transform:
  m_ObjectHideFlags: 0
  m_CorrespondingSourceObject: {fileID: 0}
  m_PrefabInstance: {fileID: 0}
  m_PrefabAsset: {fileID: 0}
  m_GameObject: {fileID: 9144075886454319626}
  m_LocalRotation: {x: 0, y: -0, z: -0, w: 1}
  m_LocalPosition: {x: -0.68410826, y: 0.5815867, z: 0.6423692}
  m_LocalScale: {x: 1, y: 1, z: 1}
  m_Children:
  - {fileID: 1550519040881908931}
  - {fileID: 1550519041377243829}
  - {fileID: 1550519040118646612}
  m_Father: {fileID: 6578918240094766341}
  m_RootOrder: 1
  m_LocalEulerAnglesHint: {x: 0, y: 0, z: 0}
--- !u!33 &2022019092409478549
MeshFilter:
  m_ObjectHideFlags: 0
  m_CorrespondingSourceObject: {fileID: 0}
  m_PrefabInstance: {fileID: 0}
  m_PrefabAsset: {fileID: 0}
  m_GameObject: {fileID: 9144075886454319626}
  m_Mesh: {fileID: 8385836491182413749, guid: 371eaaa8f0c5df944baf8a0795cdc3e8, type: 3}
--- !u!23 &3035741721141228940
MeshRenderer:
  m_ObjectHideFlags: 0
  m_CorrespondingSourceObject: {fileID: 0}
  m_PrefabInstance: {fileID: 0}
  m_PrefabAsset: {fileID: 0}
  m_GameObject: {fileID: 9144075886454319626}
  m_Enabled: 1
  m_CastShadows: 1
  m_ReceiveShadows: 1
  m_DynamicOccludee: 1
  m_MotionVectors: 1
  m_LightProbeUsage: 1
  m_ReflectionProbeUsage: 1
  m_RayTracingMode: 2
  m_RayTraceProcedural: 0
  m_RenderingLayerMask: 1
  m_RendererPriority: 0
  m_Materials:
  - {fileID: -3846018093981099296, guid: 371eaaa8f0c5df944baf8a0795cdc3e8, type: 3}
  - {fileID: -876546973899608171, guid: 371eaaa8f0c5df944baf8a0795cdc3e8, type: 3}
  - {fileID: -6478536213147159724, guid: 371eaaa8f0c5df944baf8a0795cdc3e8, type: 3}
  m_StaticBatchInfo:
    firstSubMesh: 0
    subMeshCount: 0
  m_StaticBatchRoot: {fileID: 0}
  m_ProbeAnchor: {fileID: 0}
  m_LightProbeVolumeOverride: {fileID: 0}
  m_ScaleInLightmap: 1
  m_ReceiveGI: 1
  m_PreserveUVs: 0
  m_IgnoreNormalsForChartDetection: 0
  m_ImportantGI: 0
  m_StitchLightmapSeams: 1
  m_SelectedEditorRenderState: 3
  m_MinimumChartSize: 4
  m_AutoUVMaxDistance: 0.5
  m_AutoUVMaxAngle: 89
  m_LightmapParameters: {fileID: 0}
  m_SortingLayerID: 0
  m_SortingLayer: 0
  m_SortingOrder: 0
  m_AdditionalVertexStreams: {fileID: 0}
--- !u!65 &9144075886454319623
BoxCollider:
  m_ObjectHideFlags: 0
  m_CorrespondingSourceObject: {fileID: 0}
  m_PrefabInstance: {fileID: 0}
  m_PrefabAsset: {fileID: 0}
  m_GameObject: {fileID: 9144075886454319626}
  m_Material: {fileID: 0}
  m_IsTrigger: 0
  m_Enabled: 1
  serializedVersion: 2
  m_Size: {x: 2.666668, y: 2.6666682, z: 2.9111166}
  m_Center: {x: 0.43968028, y: -0.33713952, z: -0.5201319}
--- !u!54 &9144075886454319624
Rigidbody:
  m_ObjectHideFlags: 0
  m_CorrespondingSourceObject: {fileID: 0}
  m_PrefabInstance: {fileID: 0}
  m_PrefabAsset: {fileID: 0}
  m_GameObject: {fileID: 9144075886454319626}
  serializedVersion: 2
  m_Mass: 1
  m_Drag: 0
  m_AngularDrag: 0.05
  m_UseGravity: 0
  m_IsKinematic: 1
  m_Interpolate: 0
  m_Constraints: 0
  m_CollisionDetection: 0
--- !u!114 &9144075886454319625
MonoBehaviour:
  m_ObjectHideFlags: 0
  m_CorrespondingSourceObject: {fileID: 0}
  m_PrefabInstance: {fileID: 0}
  m_PrefabAsset: {fileID: 0}
  m_GameObject: {fileID: 9144075886454319626}
  m_Enabled: 1
  m_EditorHideFlags: 0
  m_Script: {fileID: 11500000, guid: d6c165ef50f6e404781ff8cc5bf2c8ea, type: 3}
  m_Name: 
  m_EditorClassIdentifier: 
--- !u!1001 &6685516908861632668
PrefabInstance:
  m_ObjectHideFlags: 0
  serializedVersion: 2
  m_Modification:
    m_TransformParent: {fileID: 2252807502045205249}
    m_Modifications:
    - target: {fileID: 5279123589315995320, guid: d287fe66de030f74588f06f42064c564,
        type: 3}
      propertyPath: m_Materials.Array.data[0]
      value: 
      objectReference: {fileID: 0}
    - target: {fileID: 5279123589315995326, guid: d287fe66de030f74588f06f42064c564,
        type: 3}
      propertyPath: m_Name
      value: "\u0421rumbling_Box"
      objectReference: {fileID: 0}
    - target: {fileID: 5279123589315995326, guid: d287fe66de030f74588f06f42064c564,
        type: 3}
      propertyPath: m_Layer
      value: 9
      objectReference: {fileID: 0}
    - target: {fileID: 5279123589315995326, guid: d287fe66de030f74588f06f42064c564,
        type: 3}
      propertyPath: m_StaticEditorFlags
      value: 0
      objectReference: {fileID: 0}
    - target: {fileID: 5279123589315995327, guid: d287fe66de030f74588f06f42064c564,
        type: 3}
      propertyPath: m_RootOrder
      value: 0
      objectReference: {fileID: 0}
    - target: {fileID: 5279123589315995327, guid: d287fe66de030f74588f06f42064c564,
        type: 3}
      propertyPath: m_LocalPosition.x
      value: 0
      objectReference: {fileID: 0}
    - target: {fileID: 5279123589315995327, guid: d287fe66de030f74588f06f42064c564,
        type: 3}
      propertyPath: m_LocalPosition.y
      value: 0
      objectReference: {fileID: 0}
    - target: {fileID: 5279123589315995327, guid: d287fe66de030f74588f06f42064c564,
        type: 3}
      propertyPath: m_LocalPosition.z
      value: 0
      objectReference: {fileID: 0}
    - target: {fileID: 5279123589315995327, guid: d287fe66de030f74588f06f42064c564,
        type: 3}
      propertyPath: m_LocalRotation.w
      value: 1
      objectReference: {fileID: 0}
    - target: {fileID: 5279123589315995327, guid: d287fe66de030f74588f06f42064c564,
        type: 3}
      propertyPath: m_LocalRotation.x
      value: 0
      objectReference: {fileID: 0}
    - target: {fileID: 5279123589315995327, guid: d287fe66de030f74588f06f42064c564,
        type: 3}
      propertyPath: m_LocalRotation.y
      value: 0
      objectReference: {fileID: 0}
    - target: {fileID: 5279123589315995327, guid: d287fe66de030f74588f06f42064c564,
        type: 3}
      propertyPath: m_LocalRotation.z
      value: 0
      objectReference: {fileID: 0}
    - target: {fileID: 5279123589315995327, guid: d287fe66de030f74588f06f42064c564,
        type: 3}
      propertyPath: m_LocalEulerAnglesHint.x
      value: 0
      objectReference: {fileID: 0}
    - target: {fileID: 5279123589315995327, guid: d287fe66de030f74588f06f42064c564,
        type: 3}
      propertyPath: m_LocalEulerAnglesHint.y
      value: 0
      objectReference: {fileID: 0}
    - target: {fileID: 5279123589315995327, guid: d287fe66de030f74588f06f42064c564,
        type: 3}
      propertyPath: m_LocalEulerAnglesHint.z
      value: 0
      objectReference: {fileID: 0}
    m_RemovedComponents: []
  m_SourcePrefab: {fileID: 100100000, guid: d287fe66de030f74588f06f42064c564, type: 3}
--- !u!4 &1550519040559027747 stripped
Transform:
  m_CorrespondingSourceObject: {fileID: 5279123589315995327, guid: d287fe66de030f74588f06f42064c564,
    type: 3}
  m_PrefabInstance: {fileID: 6685516908861632668}
  m_PrefabAsset: {fileID: 0}
--- !u!1001 &6685516908901596048
PrefabInstance:
  m_ObjectHideFlags: 0
  serializedVersion: 2
  m_Modification:
    m_TransformParent: {fileID: 5529677237149607086}
    m_Modifications:
    - target: {fileID: 5279123589315995320, guid: d287fe66de030f74588f06f42064c564,
        type: 3}
      propertyPath: m_Materials.Array.data[0]
      value: 
      objectReference: {fileID: 0}
    - target: {fileID: 5279123589315995326, guid: d287fe66de030f74588f06f42064c564,
        type: 3}
      propertyPath: m_Layer
      value: 9
      objectReference: {fileID: 0}
    - target: {fileID: 5279123589315995326, guid: d287fe66de030f74588f06f42064c564,
        type: 3}
      propertyPath: m_StaticEditorFlags
      value: 0
      objectReference: {fileID: 0}
    - target: {fileID: 5279123589315995327, guid: d287fe66de030f74588f06f42064c564,
        type: 3}
      propertyPath: m_RootOrder
      value: 0
      objectReference: {fileID: 0}
    - target: {fileID: 5279123589315995327, guid: d287fe66de030f74588f06f42064c564,
        type: 3}
      propertyPath: m_LocalPosition.x
      value: 0
      objectReference: {fileID: 0}
    - target: {fileID: 5279123589315995327, guid: d287fe66de030f74588f06f42064c564,
        type: 3}
      propertyPath: m_LocalPosition.y
      value: 0
      objectReference: {fileID: 0}
    - target: {fileID: 5279123589315995327, guid: d287fe66de030f74588f06f42064c564,
        type: 3}
      propertyPath: m_LocalPosition.z
      value: 0
      objectReference: {fileID: 0}
    - target: {fileID: 5279123589315995327, guid: d287fe66de030f74588f06f42064c564,
        type: 3}
      propertyPath: m_LocalRotation.x
      value: -0
      objectReference: {fileID: 0}
    - target: {fileID: 5279123589315995327, guid: d287fe66de030f74588f06f42064c564,
        type: 3}
      propertyPath: m_LocalRotation.y
      value: -0
      objectReference: {fileID: 0}
    - target: {fileID: 5279123589315995327, guid: d287fe66de030f74588f06f42064c564,
        type: 3}
      propertyPath: m_LocalRotation.z
      value: -0
      objectReference: {fileID: 0}
    m_RemovedComponents: []
  m_SourcePrefab: {fileID: 100100000, guid: d287fe66de030f74588f06f42064c564, type: 3}
--- !u!4 &1550519040531946799 stripped
Transform:
  m_CorrespondingSourceObject: {fileID: 5279123589315995327, guid: d287fe66de030f74588f06f42064c564,
    type: 3}
  m_PrefabInstance: {fileID: 6685516908901596048}
  m_PrefabAsset: {fileID: 0}
--- !u!1001 &6685516908987198092
PrefabInstance:
  m_ObjectHideFlags: 0
  serializedVersion: 2
  m_Modification:
    m_TransformParent: {fileID: 8430334441061289263}
    m_Modifications:
    - target: {fileID: 5279123589315995320, guid: d287fe66de030f74588f06f42064c564,
        type: 3}
      propertyPath: m_Materials.Array.data[0]
      value: 
      objectReference: {fileID: 0}
    - target: {fileID: 5279123589315995326, guid: d287fe66de030f74588f06f42064c564,
        type: 3}
      propertyPath: m_Layer
      value: 9
      objectReference: {fileID: 0}
    - target: {fileID: 5279123589315995326, guid: d287fe66de030f74588f06f42064c564,
        type: 3}
      propertyPath: m_StaticEditorFlags
      value: 0
      objectReference: {fileID: 0}
    - target: {fileID: 5279123589315995327, guid: d287fe66de030f74588f06f42064c564,
        type: 3}
      propertyPath: m_RootOrder
      value: 0
      objectReference: {fileID: 0}
    - target: {fileID: 5279123589315995327, guid: d287fe66de030f74588f06f42064c564,
        type: 3}
      propertyPath: m_LocalPosition.x
      value: 0
      objectReference: {fileID: 0}
    - target: {fileID: 5279123589315995327, guid: d287fe66de030f74588f06f42064c564,
        type: 3}
      propertyPath: m_LocalPosition.y
      value: 0
      objectReference: {fileID: 0}
    - target: {fileID: 5279123589315995327, guid: d287fe66de030f74588f06f42064c564,
        type: 3}
      propertyPath: m_LocalPosition.z
      value: 0
      objectReference: {fileID: 0}
    - target: {fileID: 5279123589315995327, guid: d287fe66de030f74588f06f42064c564,
        type: 3}
      propertyPath: m_LocalRotation.x
      value: -0
      objectReference: {fileID: 0}
    - target: {fileID: 5279123589315995327, guid: d287fe66de030f74588f06f42064c564,
        type: 3}
      propertyPath: m_LocalRotation.y
      value: -0
      objectReference: {fileID: 0}
    - target: {fileID: 5279123589315995327, guid: d287fe66de030f74588f06f42064c564,
        type: 3}
      propertyPath: m_LocalRotation.z
      value: -0
      objectReference: {fileID: 0}
    m_RemovedComponents: []
  m_SourcePrefab: {fileID: 100100000, guid: d287fe66de030f74588f06f42064c564, type: 3}
--- !u!4 &1550519040435031091 stripped
Transform:
  m_CorrespondingSourceObject: {fileID: 5279123589315995327, guid: d287fe66de030f74588f06f42064c564,
    type: 3}
  m_PrefabInstance: {fileID: 6685516908987198092}
  m_PrefabAsset: {fileID: 0}
--- !u!1001 &6685516909209764331
PrefabInstance:
  m_ObjectHideFlags: 0
  serializedVersion: 2
  m_Modification:
    m_TransformParent: {fileID: 3024690555340551958}
    m_Modifications:
    - target: {fileID: 5279123589315995320, guid: d287fe66de030f74588f06f42064c564,
        type: 3}
      propertyPath: m_Materials.Array.data[0]
      value: 
      objectReference: {fileID: 0}
    - target: {fileID: 5279123589315995326, guid: d287fe66de030f74588f06f42064c564,
        type: 3}
      propertyPath: m_Layer
      value: 9
      objectReference: {fileID: 0}
    - target: {fileID: 5279123589315995326, guid: d287fe66de030f74588f06f42064c564,
        type: 3}
      propertyPath: m_StaticEditorFlags
      value: 0
      objectReference: {fileID: 0}
    - target: {fileID: 5279123589315995327, guid: d287fe66de030f74588f06f42064c564,
        type: 3}
      propertyPath: m_RootOrder
      value: 2
      objectReference: {fileID: 0}
    - target: {fileID: 5279123589315995327, guid: d287fe66de030f74588f06f42064c564,
        type: 3}
      propertyPath: m_LocalPosition.x
      value: 0
      objectReference: {fileID: 0}
    - target: {fileID: 5279123589315995327, guid: d287fe66de030f74588f06f42064c564,
        type: 3}
      propertyPath: m_LocalPosition.y
      value: 0
      objectReference: {fileID: 0}
    - target: {fileID: 5279123589315995327, guid: d287fe66de030f74588f06f42064c564,
        type: 3}
      propertyPath: m_LocalPosition.z
      value: 0
      objectReference: {fileID: 0}
    - target: {fileID: 5279123589315995327, guid: d287fe66de030f74588f06f42064c564,
        type: 3}
      propertyPath: m_LocalRotation.x
      value: -0
      objectReference: {fileID: 0}
    - target: {fileID: 5279123589315995327, guid: d287fe66de030f74588f06f42064c564,
        type: 3}
      propertyPath: m_LocalRotation.y
      value: -0
      objectReference: {fileID: 0}
    - target: {fileID: 5279123589315995327, guid: d287fe66de030f74588f06f42064c564,
        type: 3}
      propertyPath: m_LocalRotation.z
      value: -0
      objectReference: {fileID: 0}
    m_RemovedComponents: []
  m_SourcePrefab: {fileID: 100100000, guid: d287fe66de030f74588f06f42064c564, type: 3}
--- !u!4 &1550519040118646612 stripped
Transform:
  m_CorrespondingSourceObject: {fileID: 5279123589315995327, guid: d287fe66de030f74588f06f42064c564,
    type: 3}
  m_PrefabInstance: {fileID: 6685516909209764331}
  m_PrefabAsset: {fileID: 0}
--- !u!1001 &6685516909230341308
PrefabInstance:
  m_ObjectHideFlags: 0
  serializedVersion: 2
  m_Modification:
    m_TransformParent: {fileID: 147456160632080169}
    m_Modifications:
    - target: {fileID: 5279123589315995320, guid: d287fe66de030f74588f06f42064c564,
        type: 3}
      propertyPath: m_Materials.Array.data[0]
      value: 
      objectReference: {fileID: 0}
    - target: {fileID: 5279123589315995326, guid: d287fe66de030f74588f06f42064c564,
        type: 3}
      propertyPath: m_Layer
      value: 9
      objectReference: {fileID: 0}
    - target: {fileID: 5279123589315995326, guid: d287fe66de030f74588f06f42064c564,
        type: 3}
      propertyPath: m_StaticEditorFlags
      value: 0
      objectReference: {fileID: 0}
    - target: {fileID: 5279123589315995327, guid: d287fe66de030f74588f06f42064c564,
        type: 3}
      propertyPath: m_RootOrder
      value: 1
      objectReference: {fileID: 0}
    - target: {fileID: 5279123589315995327, guid: d287fe66de030f74588f06f42064c564,
        type: 3}
      propertyPath: m_LocalPosition.x
      value: 0
      objectReference: {fileID: 0}
    - target: {fileID: 5279123589315995327, guid: d287fe66de030f74588f06f42064c564,
        type: 3}
      propertyPath: m_LocalPosition.y
      value: 0
      objectReference: {fileID: 0}
    - target: {fileID: 5279123589315995327, guid: d287fe66de030f74588f06f42064c564,
        type: 3}
      propertyPath: m_LocalPosition.z
      value: 0
      objectReference: {fileID: 0}
    - target: {fileID: 5279123589315995327, guid: d287fe66de030f74588f06f42064c564,
        type: 3}
      propertyPath: m_LocalRotation.x
      value: -0
      objectReference: {fileID: 0}
    - target: {fileID: 5279123589315995327, guid: d287fe66de030f74588f06f42064c564,
        type: 3}
      propertyPath: m_LocalRotation.y
      value: -0
      objectReference: {fileID: 0}
    - target: {fileID: 5279123589315995327, guid: d287fe66de030f74588f06f42064c564,
        type: 3}
      propertyPath: m_LocalRotation.z
      value: -0
      objectReference: {fileID: 0}
    m_RemovedComponents: []
  m_SourcePrefab: {fileID: 100100000, guid: d287fe66de030f74588f06f42064c564, type: 3}
--- !u!4 &1550519040057416195 stripped
Transform:
  m_CorrespondingSourceObject: {fileID: 5279123589315995327, guid: d287fe66de030f74588f06f42064c564,
    type: 3}
  m_PrefabInstance: {fileID: 6685516909230341308}
  m_PrefabAsset: {fileID: 0}
--- !u!1001 &6685516909258746630
PrefabInstance:
  m_ObjectHideFlags: 0
  serializedVersion: 2
  m_Modification:
    m_TransformParent: {fileID: 2252807502045205249}
    m_Modifications:
    - target: {fileID: 5279123589315995320, guid: d287fe66de030f74588f06f42064c564,
        type: 3}
      propertyPath: m_Materials.Array.data[0]
      value: 
      objectReference: {fileID: 0}
    - target: {fileID: 5279123589315995326, guid: d287fe66de030f74588f06f42064c564,
        type: 3}
      propertyPath: m_Name
      value: "\u0421rumbling_Box"
      objectReference: {fileID: 0}
    - target: {fileID: 5279123589315995326, guid: d287fe66de030f74588f06f42064c564,
        type: 3}
      propertyPath: m_Layer
      value: 9
      objectReference: {fileID: 0}
    - target: {fileID: 5279123589315995326, guid: d287fe66de030f74588f06f42064c564,
        type: 3}
      propertyPath: m_StaticEditorFlags
      value: 0
      objectReference: {fileID: 0}
    - target: {fileID: 5279123589315995327, guid: d287fe66de030f74588f06f42064c564,
        type: 3}
      propertyPath: m_RootOrder
      value: 2
      objectReference: {fileID: 0}
    - target: {fileID: 5279123589315995327, guid: d287fe66de030f74588f06f42064c564,
        type: 3}
      propertyPath: m_LocalPosition.x
      value: 0
      objectReference: {fileID: 0}
    - target: {fileID: 5279123589315995327, guid: d287fe66de030f74588f06f42064c564,
        type: 3}
      propertyPath: m_LocalPosition.y
      value: 0
      objectReference: {fileID: 0}
    - target: {fileID: 5279123589315995327, guid: d287fe66de030f74588f06f42064c564,
        type: 3}
      propertyPath: m_LocalPosition.z
      value: 0
      objectReference: {fileID: 0}
    - target: {fileID: 5279123589315995327, guid: d287fe66de030f74588f06f42064c564,
        type: 3}
      propertyPath: m_LocalRotation.w
      value: 1
      objectReference: {fileID: 0}
    - target: {fileID: 5279123589315995327, guid: d287fe66de030f74588f06f42064c564,
        type: 3}
      propertyPath: m_LocalRotation.x
      value: 0
      objectReference: {fileID: 0}
    - target: {fileID: 5279123589315995327, guid: d287fe66de030f74588f06f42064c564,
        type: 3}
      propertyPath: m_LocalRotation.y
      value: 0
      objectReference: {fileID: 0}
    - target: {fileID: 5279123589315995327, guid: d287fe66de030f74588f06f42064c564,
        type: 3}
      propertyPath: m_LocalRotation.z
      value: 0
      objectReference: {fileID: 0}
    - target: {fileID: 5279123589315995327, guid: d287fe66de030f74588f06f42064c564,
        type: 3}
      propertyPath: m_LocalEulerAnglesHint.x
      value: 0
      objectReference: {fileID: 0}
    - target: {fileID: 5279123589315995327, guid: d287fe66de030f74588f06f42064c564,
        type: 3}
      propertyPath: m_LocalEulerAnglesHint.y
      value: 0
      objectReference: {fileID: 0}
    - target: {fileID: 5279123589315995327, guid: d287fe66de030f74588f06f42064c564,
        type: 3}
      propertyPath: m_LocalEulerAnglesHint.z
      value: 0
      objectReference: {fileID: 0}
    m_RemovedComponents: []
  m_SourcePrefab: {fileID: 100100000, guid: d287fe66de030f74588f06f42064c564, type: 3}
--- !u!4 &1550519040167677369 stripped
Transform:
  m_CorrespondingSourceObject: {fileID: 5279123589315995327, guid: d287fe66de030f74588f06f42064c564,
    type: 3}
  m_PrefabInstance: {fileID: 6685516909258746630}
  m_PrefabAsset: {fileID: 0}
--- !u!1001 &6685516909370071225
PrefabInstance:
  m_ObjectHideFlags: 0
  serializedVersion: 2
  m_Modification:
    m_TransformParent: {fileID: 147456160632080169}
    m_Modifications:
    - target: {fileID: 5279123589315995320, guid: d287fe66de030f74588f06f42064c564,
        type: 3}
      propertyPath: m_Materials.Array.data[0]
      value: 
      objectReference: {fileID: 0}
    - target: {fileID: 5279123589315995326, guid: d287fe66de030f74588f06f42064c564,
        type: 3}
      propertyPath: m_Layer
      value: 9
      objectReference: {fileID: 0}
    - target: {fileID: 5279123589315995326, guid: d287fe66de030f74588f06f42064c564,
        type: 3}
      propertyPath: m_StaticEditorFlags
      value: 0
      objectReference: {fileID: 0}
    - target: {fileID: 5279123589315995327, guid: d287fe66de030f74588f06f42064c564,
        type: 3}
      propertyPath: m_RootOrder
      value: 2
      objectReference: {fileID: 0}
    - target: {fileID: 5279123589315995327, guid: d287fe66de030f74588f06f42064c564,
        type: 3}
      propertyPath: m_LocalPosition.x
      value: 0
      objectReference: {fileID: 0}
    - target: {fileID: 5279123589315995327, guid: d287fe66de030f74588f06f42064c564,
        type: 3}
      propertyPath: m_LocalPosition.y
      value: 0
      objectReference: {fileID: 0}
    - target: {fileID: 5279123589315995327, guid: d287fe66de030f74588f06f42064c564,
        type: 3}
      propertyPath: m_LocalPosition.z
      value: 0
      objectReference: {fileID: 0}
    - target: {fileID: 5279123589315995327, guid: d287fe66de030f74588f06f42064c564,
        type: 3}
      propertyPath: m_LocalRotation.x
      value: -0
      objectReference: {fileID: 0}
    - target: {fileID: 5279123589315995327, guid: d287fe66de030f74588f06f42064c564,
        type: 3}
      propertyPath: m_LocalRotation.y
      value: -0
      objectReference: {fileID: 0}
    - target: {fileID: 5279123589315995327, guid: d287fe66de030f74588f06f42064c564,
        type: 3}
      propertyPath: m_LocalRotation.z
      value: -0
      objectReference: {fileID: 0}
    m_RemovedComponents: []
  m_SourcePrefab: {fileID: 100100000, guid: d287fe66de030f74588f06f42064c564, type: 3}
--- !u!4 &1550519039926631942 stripped
Transform:
  m_CorrespondingSourceObject: {fileID: 5279123589315995327, guid: d287fe66de030f74588f06f42064c564,
    type: 3}
  m_PrefabInstance: {fileID: 6685516909370071225}
  m_PrefabAsset: {fileID: 0}
--- !u!1001 &6685516909609118187
PrefabInstance:
  m_ObjectHideFlags: 0
  serializedVersion: 2
  m_Modification:
    m_TransformParent: {fileID: 5529677237149607086}
    m_Modifications:
    - target: {fileID: 5279123589315995320, guid: d287fe66de030f74588f06f42064c564,
        type: 3}
      propertyPath: m_Materials.Array.data[0]
      value: 
      objectReference: {fileID: 0}
    - target: {fileID: 5279123589315995326, guid: d287fe66de030f74588f06f42064c564,
        type: 3}
      propertyPath: m_Layer
      value: 9
      objectReference: {fileID: 0}
    - target: {fileID: 5279123589315995326, guid: d287fe66de030f74588f06f42064c564,
        type: 3}
      propertyPath: m_StaticEditorFlags
      value: 0
      objectReference: {fileID: 0}
    - target: {fileID: 5279123589315995327, guid: d287fe66de030f74588f06f42064c564,
        type: 3}
      propertyPath: m_RootOrder
      value: 2
      objectReference: {fileID: 0}
    - target: {fileID: 5279123589315995327, guid: d287fe66de030f74588f06f42064c564,
        type: 3}
      propertyPath: m_LocalPosition.x
      value: 0
      objectReference: {fileID: 0}
    - target: {fileID: 5279123589315995327, guid: d287fe66de030f74588f06f42064c564,
        type: 3}
      propertyPath: m_LocalPosition.y
      value: 0
      objectReference: {fileID: 0}
    - target: {fileID: 5279123589315995327, guid: d287fe66de030f74588f06f42064c564,
        type: 3}
      propertyPath: m_LocalPosition.z
      value: 0
      objectReference: {fileID: 0}
    - target: {fileID: 5279123589315995327, guid: d287fe66de030f74588f06f42064c564,
        type: 3}
      propertyPath: m_LocalRotation.x
      value: -0
      objectReference: {fileID: 0}
    - target: {fileID: 5279123589315995327, guid: d287fe66de030f74588f06f42064c564,
        type: 3}
      propertyPath: m_LocalRotation.y
      value: -0
      objectReference: {fileID: 0}
    - target: {fileID: 5279123589315995327, guid: d287fe66de030f74588f06f42064c564,
        type: 3}
      propertyPath: m_LocalRotation.z
      value: -0
      objectReference: {fileID: 0}
    m_RemovedComponents: []
  m_SourcePrefab: {fileID: 100100000, guid: d287fe66de030f74588f06f42064c564, type: 3}
--- !u!4 &1550519039712743252 stripped
Transform:
  m_CorrespondingSourceObject: {fileID: 5279123589315995327, guid: d287fe66de030f74588f06f42064c564,
    type: 3}
  m_PrefabInstance: {fileID: 6685516909609118187}
  m_PrefabAsset: {fileID: 0}
--- !u!1001 &6685516909612030199
PrefabInstance:
  m_ObjectHideFlags: 0
  serializedVersion: 2
  m_Modification:
    m_TransformParent: {fileID: 2252807502045205249}
    m_Modifications:
    - target: {fileID: 5279123589315995320, guid: d287fe66de030f74588f06f42064c564,
        type: 3}
      propertyPath: m_Materials.Array.data[0]
      value: 
      objectReference: {fileID: 0}
    - target: {fileID: 5279123589315995326, guid: d287fe66de030f74588f06f42064c564,
        type: 3}
      propertyPath: m_Name
      value: "\u0421rumbling_Box"
      objectReference: {fileID: 0}
    - target: {fileID: 5279123589315995326, guid: d287fe66de030f74588f06f42064c564,
        type: 3}
      propertyPath: m_Layer
      value: 9
      objectReference: {fileID: 0}
    - target: {fileID: 5279123589315995326, guid: d287fe66de030f74588f06f42064c564,
        type: 3}
      propertyPath: m_StaticEditorFlags
      value: 0
      objectReference: {fileID: 0}
    - target: {fileID: 5279123589315995327, guid: d287fe66de030f74588f06f42064c564,
        type: 3}
      propertyPath: m_RootOrder
      value: 1
      objectReference: {fileID: 0}
    - target: {fileID: 5279123589315995327, guid: d287fe66de030f74588f06f42064c564,
        type: 3}
      propertyPath: m_LocalPosition.x
      value: 0
      objectReference: {fileID: 0}
    - target: {fileID: 5279123589315995327, guid: d287fe66de030f74588f06f42064c564,
        type: 3}
      propertyPath: m_LocalPosition.y
      value: 0
      objectReference: {fileID: 0}
    - target: {fileID: 5279123589315995327, guid: d287fe66de030f74588f06f42064c564,
        type: 3}
      propertyPath: m_LocalPosition.z
      value: 0
      objectReference: {fileID: 0}
    - target: {fileID: 5279123589315995327, guid: d287fe66de030f74588f06f42064c564,
        type: 3}
      propertyPath: m_LocalRotation.w
      value: 1
      objectReference: {fileID: 0}
    - target: {fileID: 5279123589315995327, guid: d287fe66de030f74588f06f42064c564,
        type: 3}
      propertyPath: m_LocalRotation.x
      value: 0
      objectReference: {fileID: 0}
    - target: {fileID: 5279123589315995327, guid: d287fe66de030f74588f06f42064c564,
        type: 3}
      propertyPath: m_LocalRotation.y
      value: 0
      objectReference: {fileID: 0}
    - target: {fileID: 5279123589315995327, guid: d287fe66de030f74588f06f42064c564,
        type: 3}
      propertyPath: m_LocalRotation.z
      value: 0
      objectReference: {fileID: 0}
    - target: {fileID: 5279123589315995327, guid: d287fe66de030f74588f06f42064c564,
        type: 3}
      propertyPath: m_LocalEulerAnglesHint.x
      value: 0
      objectReference: {fileID: 0}
    - target: {fileID: 5279123589315995327, guid: d287fe66de030f74588f06f42064c564,
        type: 3}
      propertyPath: m_LocalEulerAnglesHint.y
      value: 0
      objectReference: {fileID: 0}
    - target: {fileID: 5279123589315995327, guid: d287fe66de030f74588f06f42064c564,
        type: 3}
      propertyPath: m_LocalEulerAnglesHint.z
      value: 0
      objectReference: {fileID: 0}
    m_RemovedComponents: []
  m_SourcePrefab: {fileID: 100100000, guid: d287fe66de030f74588f06f42064c564, type: 3}
--- !u!4 &1550519039717703240 stripped
Transform:
  m_CorrespondingSourceObject: {fileID: 5279123589315995327, guid: d287fe66de030f74588f06f42064c564,
    type: 3}
  m_PrefabInstance: {fileID: 6685516909612030199}
  m_PrefabAsset: {fileID: 0}
--- !u!1001 &6685516909655893599
PrefabInstance:
  m_ObjectHideFlags: 0
  serializedVersion: 2
  m_Modification:
    m_TransformParent: {fileID: 147456160632080169}
    m_Modifications:
    - target: {fileID: 5279123589315995320, guid: d287fe66de030f74588f06f42064c564,
        type: 3}
      propertyPath: m_Materials.Array.data[0]
      value: 
      objectReference: {fileID: 0}
    - target: {fileID: 5279123589315995326, guid: d287fe66de030f74588f06f42064c564,
        type: 3}
      propertyPath: m_Layer
      value: 9
      objectReference: {fileID: 0}
    - target: {fileID: 5279123589315995326, guid: d287fe66de030f74588f06f42064c564,
        type: 3}
      propertyPath: m_StaticEditorFlags
      value: 0
      objectReference: {fileID: 0}
    - target: {fileID: 5279123589315995327, guid: d287fe66de030f74588f06f42064c564,
        type: 3}
      propertyPath: m_RootOrder
      value: 0
      objectReference: {fileID: 0}
    - target: {fileID: 5279123589315995327, guid: d287fe66de030f74588f06f42064c564,
        type: 3}
      propertyPath: m_LocalPosition.x
      value: 0
      objectReference: {fileID: 0}
    - target: {fileID: 5279123589315995327, guid: d287fe66de030f74588f06f42064c564,
        type: 3}
      propertyPath: m_LocalPosition.y
      value: 0
      objectReference: {fileID: 0}
    - target: {fileID: 5279123589315995327, guid: d287fe66de030f74588f06f42064c564,
        type: 3}
      propertyPath: m_LocalPosition.z
      value: 0
      objectReference: {fileID: 0}
    - target: {fileID: 5279123589315995327, guid: d287fe66de030f74588f06f42064c564,
        type: 3}
      propertyPath: m_LocalRotation.x
      value: -0
      objectReference: {fileID: 0}
    - target: {fileID: 5279123589315995327, guid: d287fe66de030f74588f06f42064c564,
        type: 3}
      propertyPath: m_LocalRotation.y
      value: -0
      objectReference: {fileID: 0}
    - target: {fileID: 5279123589315995327, guid: d287fe66de030f74588f06f42064c564,
        type: 3}
      propertyPath: m_LocalRotation.z
      value: -0
      objectReference: {fileID: 0}
    m_RemovedComponents: []
  m_SourcePrefab: {fileID: 100100000, guid: d287fe66de030f74588f06f42064c564, type: 3}
--- !u!4 &1550519039677726944 stripped
Transform:
  m_CorrespondingSourceObject: {fileID: 5279123589315995327, guid: d287fe66de030f74588f06f42064c564,
    type: 3}
  m_PrefabInstance: {fileID: 6685516909655893599}
  m_PrefabAsset: {fileID: 0}
--- !u!1001 &6685516909855220801
PrefabInstance:
  m_ObjectHideFlags: 0
  serializedVersion: 2
  m_Modification:
    m_TransformParent: {fileID: 5529677237149607086}
    m_Modifications:
    - target: {fileID: 5279123589315995320, guid: d287fe66de030f74588f06f42064c564,
        type: 3}
      propertyPath: m_Materials.Array.data[0]
      value: 
      objectReference: {fileID: 0}
    - target: {fileID: 5279123589315995326, guid: d287fe66de030f74588f06f42064c564,
        type: 3}
      propertyPath: m_Layer
      value: 9
      objectReference: {fileID: 0}
    - target: {fileID: 5279123589315995326, guid: d287fe66de030f74588f06f42064c564,
        type: 3}
      propertyPath: m_StaticEditorFlags
      value: 0
      objectReference: {fileID: 0}
    - target: {fileID: 5279123589315995327, guid: d287fe66de030f74588f06f42064c564,
        type: 3}
      propertyPath: m_RootOrder
      value: 1
      objectReference: {fileID: 0}
    - target: {fileID: 5279123589315995327, guid: d287fe66de030f74588f06f42064c564,
        type: 3}
      propertyPath: m_LocalPosition.x
      value: 0
      objectReference: {fileID: 0}
    - target: {fileID: 5279123589315995327, guid: d287fe66de030f74588f06f42064c564,
        type: 3}
      propertyPath: m_LocalPosition.y
      value: 0
      objectReference: {fileID: 0}
    - target: {fileID: 5279123589315995327, guid: d287fe66de030f74588f06f42064c564,
        type: 3}
      propertyPath: m_LocalPosition.z
      value: 0
      objectReference: {fileID: 0}
    - target: {fileID: 5279123589315995327, guid: d287fe66de030f74588f06f42064c564,
        type: 3}
      propertyPath: m_LocalRotation.x
      value: -0
      objectReference: {fileID: 0}
    - target: {fileID: 5279123589315995327, guid: d287fe66de030f74588f06f42064c564,
        type: 3}
      propertyPath: m_LocalRotation.y
      value: -0
      objectReference: {fileID: 0}
    - target: {fileID: 5279123589315995327, guid: d287fe66de030f74588f06f42064c564,
        type: 3}
      propertyPath: m_LocalRotation.z
      value: -0
      objectReference: {fileID: 0}
    m_RemovedComponents: []
  m_SourcePrefab: {fileID: 100100000, guid: d287fe66de030f74588f06f42064c564, type: 3}
--- !u!4 &1550519041756037886 stripped
Transform:
  m_CorrespondingSourceObject: {fileID: 5279123589315995327, guid: d287fe66de030f74588f06f42064c564,
    type: 3}
  m_PrefabInstance: {fileID: 6685516909855220801}
  m_PrefabAsset: {fileID: 0}
--- !u!1001 &6685516910199944202
PrefabInstance:
  m_ObjectHideFlags: 0
  serializedVersion: 2
  m_Modification:
    m_TransformParent: {fileID: 3024690555340551958}
    m_Modifications:
    - target: {fileID: 5279123589315995320, guid: d287fe66de030f74588f06f42064c564,
        type: 3}
      propertyPath: m_Materials.Array.data[0]
      value: 
      objectReference: {fileID: 0}
    - target: {fileID: 5279123589315995326, guid: d287fe66de030f74588f06f42064c564,
        type: 3}
      propertyPath: m_Layer
      value: 9
      objectReference: {fileID: 0}
    - target: {fileID: 5279123589315995326, guid: d287fe66de030f74588f06f42064c564,
        type: 3}
      propertyPath: m_StaticEditorFlags
      value: 0
      objectReference: {fileID: 0}
    - target: {fileID: 5279123589315995327, guid: d287fe66de030f74588f06f42064c564,
        type: 3}
      propertyPath: m_RootOrder
      value: 1
      objectReference: {fileID: 0}
    - target: {fileID: 5279123589315995327, guid: d287fe66de030f74588f06f42064c564,
        type: 3}
      propertyPath: m_LocalPosition.x
      value: 0
      objectReference: {fileID: 0}
    - target: {fileID: 5279123589315995327, guid: d287fe66de030f74588f06f42064c564,
        type: 3}
      propertyPath: m_LocalPosition.y
      value: 0
      objectReference: {fileID: 0}
    - target: {fileID: 5279123589315995327, guid: d287fe66de030f74588f06f42064c564,
        type: 3}
      propertyPath: m_LocalPosition.z
      value: 0
      objectReference: {fileID: 0}
    - target: {fileID: 5279123589315995327, guid: d287fe66de030f74588f06f42064c564,
        type: 3}
      propertyPath: m_LocalRotation.x
      value: -0
      objectReference: {fileID: 0}
    - target: {fileID: 5279123589315995327, guid: d287fe66de030f74588f06f42064c564,
        type: 3}
      propertyPath: m_LocalRotation.y
      value: -0
      objectReference: {fileID: 0}
    - target: {fileID: 5279123589315995327, guid: d287fe66de030f74588f06f42064c564,
        type: 3}
      propertyPath: m_LocalRotation.z
      value: -0
      objectReference: {fileID: 0}
    m_RemovedComponents: []
  m_SourcePrefab: {fileID: 100100000, guid: d287fe66de030f74588f06f42064c564, type: 3}
--- !u!4 &1550519041377243829 stripped
Transform:
  m_CorrespondingSourceObject: {fileID: 5279123589315995327, guid: d287fe66de030f74588f06f42064c564,
    type: 3}
  m_PrefabInstance: {fileID: 6685516910199944202}
  m_PrefabAsset: {fileID: 0}
--- !u!1001 &6685516910587920256
PrefabInstance:
  m_ObjectHideFlags: 0
  serializedVersion: 2
  m_Modification:
    m_TransformParent: {fileID: 8430334441061289263}
    m_Modifications:
    - target: {fileID: 5279123589315995320, guid: d287fe66de030f74588f06f42064c564,
        type: 3}
      propertyPath: m_Materials.Array.data[0]
      value: 
      objectReference: {fileID: 0}
    - target: {fileID: 5279123589315995326, guid: d287fe66de030f74588f06f42064c564,
        type: 3}
      propertyPath: m_Layer
      value: 9
      objectReference: {fileID: 0}
    - target: {fileID: 5279123589315995326, guid: d287fe66de030f74588f06f42064c564,
        type: 3}
      propertyPath: m_StaticEditorFlags
      value: 0
      objectReference: {fileID: 0}
    - target: {fileID: 5279123589315995327, guid: d287fe66de030f74588f06f42064c564,
        type: 3}
      propertyPath: m_RootOrder
      value: 2
      objectReference: {fileID: 0}
    - target: {fileID: 5279123589315995327, guid: d287fe66de030f74588f06f42064c564,
        type: 3}
      propertyPath: m_LocalPosition.x
      value: 0
      objectReference: {fileID: 0}
    - target: {fileID: 5279123589315995327, guid: d287fe66de030f74588f06f42064c564,
        type: 3}
      propertyPath: m_LocalPosition.y
      value: 0
      objectReference: {fileID: 0}
    - target: {fileID: 5279123589315995327, guid: d287fe66de030f74588f06f42064c564,
        type: 3}
      propertyPath: m_LocalPosition.z
      value: 0
      objectReference: {fileID: 0}
    - target: {fileID: 5279123589315995327, guid: d287fe66de030f74588f06f42064c564,
        type: 3}
      propertyPath: m_LocalRotation.x
      value: -0
      objectReference: {fileID: 0}
    - target: {fileID: 5279123589315995327, guid: d287fe66de030f74588f06f42064c564,
        type: 3}
      propertyPath: m_LocalRotation.y
      value: -0
      objectReference: {fileID: 0}
    - target: {fileID: 5279123589315995327, guid: d287fe66de030f74588f06f42064c564,
        type: 3}
      propertyPath: m_LocalRotation.z
      value: -0
      objectReference: {fileID: 0}
    m_RemovedComponents: []
  m_SourcePrefab: {fileID: 100100000, guid: d287fe66de030f74588f06f42064c564, type: 3}
--- !u!4 &1550519040892803391 stripped
Transform:
  m_CorrespondingSourceObject: {fileID: 5279123589315995327, guid: d287fe66de030f74588f06f42064c564,
    type: 3}
  m_PrefabInstance: {fileID: 6685516910587920256}
  m_PrefabAsset: {fileID: 0}
--- !u!1001 &6685516910591638140
PrefabInstance:
  m_ObjectHideFlags: 0
  serializedVersion: 2
  m_Modification:
    m_TransformParent: {fileID: 3024690555340551958}
    m_Modifications:
    - target: {fileID: 5279123589315995320, guid: d287fe66de030f74588f06f42064c564,
        type: 3}
      propertyPath: m_Materials.Array.data[0]
      value: 
      objectReference: {fileID: 0}
    - target: {fileID: 5279123589315995326, guid: d287fe66de030f74588f06f42064c564,
        type: 3}
      propertyPath: m_Layer
      value: 9
      objectReference: {fileID: 0}
    - target: {fileID: 5279123589315995326, guid: d287fe66de030f74588f06f42064c564,
        type: 3}
      propertyPath: m_StaticEditorFlags
      value: 0
      objectReference: {fileID: 0}
    - target: {fileID: 5279123589315995327, guid: d287fe66de030f74588f06f42064c564,
        type: 3}
      propertyPath: m_RootOrder
      value: 0
      objectReference: {fileID: 0}
    - target: {fileID: 5279123589315995327, guid: d287fe66de030f74588f06f42064c564,
        type: 3}
      propertyPath: m_LocalPosition.x
      value: 0
      objectReference: {fileID: 0}
    - target: {fileID: 5279123589315995327, guid: d287fe66de030f74588f06f42064c564,
        type: 3}
      propertyPath: m_LocalPosition.y
      value: 0
      objectReference: {fileID: 0}
    - target: {fileID: 5279123589315995327, guid: d287fe66de030f74588f06f42064c564,
        type: 3}
      propertyPath: m_LocalPosition.z
      value: 0
      objectReference: {fileID: 0}
    - target: {fileID: 5279123589315995327, guid: d287fe66de030f74588f06f42064c564,
        type: 3}
      propertyPath: m_LocalRotation.x
      value: -0
      objectReference: {fileID: 0}
    - target: {fileID: 5279123589315995327, guid: d287fe66de030f74588f06f42064c564,
        type: 3}
      propertyPath: m_LocalRotation.y
      value: -0
      objectReference: {fileID: 0}
    - target: {fileID: 5279123589315995327, guid: d287fe66de030f74588f06f42064c564,
        type: 3}
      propertyPath: m_LocalRotation.z
      value: -0
      objectReference: {fileID: 0}
    m_RemovedComponents: []
  m_SourcePrefab: {fileID: 100100000, guid: d287fe66de030f74588f06f42064c564, type: 3}
--- !u!4 &1550519040881908931 stripped
Transform:
  m_CorrespondingSourceObject: {fileID: 5279123589315995327, guid: d287fe66de030f74588f06f42064c564,
    type: 3}
  m_PrefabInstance: {fileID: 6685516910591638140}
  m_PrefabAsset: {fileID: 0}
--- !u!1001 &6685516910782074641
PrefabInstance:
  m_ObjectHideFlags: 0
  serializedVersion: 2
  m_Modification:
    m_TransformParent: {fileID: 8430334441061289263}
    m_Modifications:
    - target: {fileID: 5279123589315995320, guid: d287fe66de030f74588f06f42064c564,
        type: 3}
      propertyPath: m_Materials.Array.data[0]
      value: 
      objectReference: {fileID: 0}
    - target: {fileID: 5279123589315995326, guid: d287fe66de030f74588f06f42064c564,
        type: 3}
      propertyPath: m_Layer
      value: 9
      objectReference: {fileID: 0}
    - target: {fileID: 5279123589315995326, guid: d287fe66de030f74588f06f42064c564,
        type: 3}
      propertyPath: m_StaticEditorFlags
      value: 0
      objectReference: {fileID: 0}
    - target: {fileID: 5279123589315995327, guid: d287fe66de030f74588f06f42064c564,
        type: 3}
      propertyPath: m_RootOrder
      value: 1
      objectReference: {fileID: 0}
    - target: {fileID: 5279123589315995327, guid: d287fe66de030f74588f06f42064c564,
        type: 3}
      propertyPath: m_LocalPosition.x
      value: 0
      objectReference: {fileID: 0}
    - target: {fileID: 5279123589315995327, guid: d287fe66de030f74588f06f42064c564,
        type: 3}
      propertyPath: m_LocalPosition.y
      value: 0
      objectReference: {fileID: 0}
    - target: {fileID: 5279123589315995327, guid: d287fe66de030f74588f06f42064c564,
        type: 3}
      propertyPath: m_LocalPosition.z
      value: 0
      objectReference: {fileID: 0}
    - target: {fileID: 5279123589315995327, guid: d287fe66de030f74588f06f42064c564,
        type: 3}
      propertyPath: m_LocalRotation.x
      value: -0
      objectReference: {fileID: 0}
    - target: {fileID: 5279123589315995327, guid: d287fe66de030f74588f06f42064c564,
        type: 3}
      propertyPath: m_LocalRotation.y
      value: -0
      objectReference: {fileID: 0}
    - target: {fileID: 5279123589315995327, guid: d287fe66de030f74588f06f42064c564,
        type: 3}
      propertyPath: m_LocalRotation.z
      value: -0
      objectReference: {fileID: 0}
    m_RemovedComponents: []
  m_SourcePrefab: {fileID: 100100000, guid: d287fe66de030f74588f06f42064c564, type: 3}
--- !u!4 &1550519040820701614 stripped
Transform:
  m_CorrespondingSourceObject: {fileID: 5279123589315995327, guid: d287fe66de030f74588f06f42064c564,
    type: 3}
  m_PrefabInstance: {fileID: 6685516910782074641}
  m_PrefabAsset: {fileID: 0}
