%YAML 1.1
%TAG !u! tag:unity3d.com,2011:
--- !u!29 &1
OcclusionCullingSettings:
  m_ObjectHideFlags: 0
  serializedVersion: 2
  m_OcclusionBakeSettings:
    smallestOccluder: 5
    smallestHole: 0.25
    backfaceThreshold: 100
  m_SceneGUID: 00000000000000000000000000000000
  m_OcclusionCullingData: {fileID: 0}
--- !u!104 &2
RenderSettings:
  m_ObjectHideFlags: 0
  serializedVersion: 9
  m_Fog: 0
  m_FogColor: {r: 0.5, g: 0.5, b: 0.5, a: 1}
  m_FogMode: 3
  m_FogDensity: 0.01
  m_LinearFogStart: 0
  m_LinearFogEnd: 300
  m_AmbientSkyColor: {r: 1, g: 1, b: 1, a: 1}
  m_AmbientEquatorColor: {r: 0.114, g: 0.125, b: 0.133, a: 1}
  m_AmbientGroundColor: {r: 0.047, g: 0.043, b: 0.035, a: 1}
  m_AmbientIntensity: 1
  m_AmbientMode: 3
  m_SubtractiveShadowColor: {r: 0.42, g: 0.478, b: 0.627, a: 1}
  m_SkyboxMaterial: {fileID: 2100000, guid: 715697ad38d756b439c501d8eab0c074, type: 2}
  m_HaloStrength: 0.5
  m_FlareStrength: 1
  m_FlareFadeSpeed: 3
  m_HaloTexture: {fileID: 0}
  m_SpotCookie: {fileID: 10001, guid: 0000000000000000e000000000000000, type: 0}
  m_DefaultReflectionMode: 0
  m_DefaultReflectionResolution: 128
  m_ReflectionBounces: 1
  m_ReflectionIntensity: 0.3
  m_CustomReflection: {fileID: 0}
  m_Sun: {fileID: 705507994}
  m_IndirectSpecularColor: {r: 0.47103834, g: 0.575077, b: 0.56980056, a: 0.3}
  m_UseRadianceAmbientProbe: 0
--- !u!157 &3
LightmapSettings:
  m_ObjectHideFlags: 0
  serializedVersion: 12
  m_GIWorkflowMode: 0
  m_GISettings:
    serializedVersion: 2
    m_BounceScale: 1
    m_IndirectOutputScale: 1
    m_AlbedoBoost: 1
    m_EnvironmentLightingMode: 0
    m_EnableBakedLightmaps: 1
    m_EnableRealtimeLightmaps: 0
  m_LightmapEditorSettings:
    serializedVersion: 12
    m_Resolution: 2
    m_BakeResolution: 40
    m_AtlasSize: 1024
    m_AO: 0
    m_AOMaxDistance: 1
    m_CompAOExponent: 1
    m_CompAOExponentDirect: 0
    m_ExtractAmbientOcclusion: 0
    m_Padding: 2
    m_LightmapParameters: {fileID: 0}
    m_LightmapsBakeMode: 1
    m_TextureCompression: 1
    m_FinalGather: 0
    m_FinalGatherFiltering: 1
    m_FinalGatherRayCount: 256
    m_ReflectionCompression: 2
    m_MixedBakeMode: 2
    m_BakeBackend: 1
    m_PVRSampling: 1
    m_PVRDirectSampleCount: 32
    m_PVRSampleCount: 500
    m_PVRBounces: 2
    m_PVREnvironmentSampleCount: 500
    m_PVREnvironmentReferencePointCount: 2048
    m_PVRFilteringMode: 2
    m_PVRDenoiserTypeDirect: 0
    m_PVRDenoiserTypeIndirect: 0
    m_PVRDenoiserTypeAO: 0
    m_PVRFilterTypeDirect: 0
    m_PVRFilterTypeIndirect: 0
    m_PVRFilterTypeAO: 0
    m_PVREnvironmentMIS: 0
    m_PVRCulling: 1
    m_PVRFilteringGaussRadiusDirect: 1
    m_PVRFilteringGaussRadiusIndirect: 5
    m_PVRFilteringGaussRadiusAO: 2
    m_PVRFilteringAtrousPositionSigmaDirect: 0.5
    m_PVRFilteringAtrousPositionSigmaIndirect: 2
    m_PVRFilteringAtrousPositionSigmaAO: 1
    m_ExportTrainingData: 0
    m_TrainingDataDestination: TrainingData
    m_LightProbeSampleCountMultiplier: 4
  m_LightingDataAsset: {fileID: 0}
  m_LightingSettings: {fileID: 4890085278179872738, guid: 98d8d751daee4d84e8abdf8a64349915,
    type: 2}
--- !u!196 &4
NavMeshSettings:
  serializedVersion: 2
  m_ObjectHideFlags: 0
  m_BuildSettings:
    serializedVersion: 2
    agentTypeID: 0
    agentRadius: 0.5
    agentHeight: 2
    agentSlope: 45
    agentClimb: 0.4
    ledgeDropHeight: 0
    maxJumpAcrossDistance: 0
    minRegionArea: 2
    manualCellSize: 0
    cellSize: 0.16666667
    manualTileSize: 0
    tileSize: 256
    accuratePlacement: 0
    maxJobWorkers: 0
    preserveTilesOutsideBounds: 0
    debug:
      m_Flags: 0
  m_NavMeshData: {fileID: 0}
--- !u!1 &137055123
GameObject:
  m_ObjectHideFlags: 0
  m_CorrespondingSourceObject: {fileID: 0}
  m_PrefabInstance: {fileID: 0}
  m_PrefabAsset: {fileID: 0}
  serializedVersion: 6
  m_Component:
  - component: {fileID: 137055124}
  - component: {fileID: 137055125}
  m_Layer: 0
  m_Name: Waypoint (7)
  m_TagString: Untagged
  m_Icon: {fileID: 5132851093641282708, guid: 0000000000000000d000000000000000, type: 0}
  m_NavMeshLayer: 0
  m_StaticEditorFlags: 0
  m_IsActive: 1
--- !u!4 &137055124
Transform:
  m_ObjectHideFlags: 0
  m_CorrespondingSourceObject: {fileID: 0}
  m_PrefabInstance: {fileID: 0}
  m_PrefabAsset: {fileID: 0}
  m_GameObject: {fileID: 137055123}
  m_LocalRotation: {x: -0, y: -0, z: -0, w: 1}
  m_LocalPosition: {x: 0.019499993, y: 1.6200001, z: 0.16000004}
  m_LocalScale: {x: 0.75, y: 30, z: 0.75}
  m_Children:
  - {fileID: 1324590599}
  - {fileID: 1079936681}
  m_Father: {fileID: 2145086639}
  m_RootOrder: 3
  m_LocalEulerAnglesHint: {x: 0, y: 0, z: 0}
--- !u!114 &137055125
MonoBehaviour:
  m_ObjectHideFlags: 0
  m_CorrespondingSourceObject: {fileID: 0}
  m_PrefabInstance: {fileID: 0}
  m_PrefabAsset: {fileID: 0}
  m_GameObject: {fileID: 137055123}
  m_Enabled: 1
  m_EditorHideFlags: 0
  m_Script: {fileID: 11500000, guid: 99f9b948af152f1408e66ccd150583fb, type: 3}
  m_Name: 
  m_EditorClassIdentifier: 
  _nextPoint: {fileID: 0}
  _trajectory: 0
  _bezierPointsCount: 2
  _bezierSegmentsCount: 20
  _jumpAngle: 0
  _trajectoryTimeStep: 0.1
  _baseLookOption: 2
  _extraLookOption: 0
  _specialLookPoint: {fileID: 0}
  _combatLookPoint: {fileID: 0}
  _startRotationThreshold: 1
  _stopRotationThreshold: 0
  _startCombatThreshold: 0.5
  _stopMovementThreshold: 0.3
  _bezierPointsPool: []
  _bezierPoints: []
--- !u!1 &151791201
GameObject:
  m_ObjectHideFlags: 0
  m_CorrespondingSourceObject: {fileID: 0}
  m_PrefabInstance: {fileID: 0}
  m_PrefabAsset: {fileID: 0}
  serializedVersion: 6
  m_Component:
  - component: {fileID: 151791202}
  m_Layer: 12
  m_Name: EnemyPoint
  m_TagString: Untagged
  m_Icon: {fileID: 0}
  m_NavMeshLayer: 0
  m_StaticEditorFlags: 0
  m_IsActive: 1
--- !u!4 &151791202
Transform:
  m_ObjectHideFlags: 0
  m_CorrespondingSourceObject: {fileID: 0}
  m_PrefabInstance: {fileID: 0}
  m_PrefabAsset: {fileID: 0}
  m_GameObject: {fileID: 151791201}
  m_LocalRotation: {x: -0, y: 0.9821955, z: -0, w: 0.18786168}
  m_LocalPosition: {x: -0.46466666, y: -0.048000004, z: 0.594}
  m_LocalScale: {x: 0.03333333, y: 0.033333335, z: 0.03333333}
  m_Children: []
  m_Father: {fileID: 721481079}
  m_RootOrder: 0
  m_LocalEulerAnglesHint: {x: 0, y: 0, z: 0}
--- !u!1 &186694232
GameObject:
  m_ObjectHideFlags: 0
  m_CorrespondingSourceObject: {fileID: 0}
  m_PrefabInstance: {fileID: 0}
  m_PrefabAsset: {fileID: 0}
  serializedVersion: 6
  m_Component:
  - component: {fileID: 186694233}
  - component: {fileID: 186694234}
  - component: {fileID: 186694235}
  m_Layer: 0
  m_Name: Waypoint (6)
  m_TagString: Untagged
  m_Icon: {fileID: 5132851093641282708, guid: 0000000000000000d000000000000000, type: 0}
  m_NavMeshLayer: 0
  m_StaticEditorFlags: 0
  m_IsActive: 1
--- !u!4 &186694233
Transform:
  m_ObjectHideFlags: 0
  m_CorrespondingSourceObject: {fileID: 0}
  m_PrefabInstance: {fileID: 0}
  m_PrefabAsset: {fileID: 0}
  m_GameObject: {fileID: 186694232}
  m_LocalRotation: {x: -0, y: -0, z: -0, w: 1}
  m_LocalPosition: {x: 0.018999983, y: 1.1600001, z: -0.49799997}
  m_LocalScale: {x: 0.75, y: 30, z: 0.75}
  m_Children:
  - {fileID: 1929598339}
  - {fileID: 1668865755}
  - {fileID: 1905544450}
  m_Father: {fileID: 2145086639}
  m_RootOrder: 2
  m_LocalEulerAnglesHint: {x: 0, y: 0, z: 0}
--- !u!114 &186694234
MonoBehaviour:
  m_ObjectHideFlags: 0
  m_CorrespondingSourceObject: {fileID: 0}
  m_PrefabInstance: {fileID: 0}
  m_PrefabAsset: {fileID: 0}
  m_GameObject: {fileID: 186694232}
  m_Enabled: 1
  m_EditorHideFlags: 0
  m_Script: {fileID: 11500000, guid: 99f9b948af152f1408e66ccd150583fb, type: 3}
  m_Name: 
  m_EditorClassIdentifier: 
  _nextPoint: {fileID: 137055125}
  _trajectory: 0
  _bezierPointsCount: 2
  _bezierSegmentsCount: 20
  _jumpAngle: 6.0012817
  _trajectoryTimeStep: 0.1
  _baseLookOption: 2
  _extraLookOption: 0
  _specialLookPoint: {fileID: 0}
  _combatLookPoint: {fileID: 137055124}
  _startRotationThreshold: 1
  _stopRotationThreshold: 0
  _startCombatThreshold: 1
  _stopMovementThreshold: 1
  _bezierPointsPool: []
  _bezierPoints: []
--- !u!114 &186694235
MonoBehaviour:
  m_ObjectHideFlags: 0
  m_CorrespondingSourceObject: {fileID: 0}
  m_PrefabInstance: {fileID: 0}
  m_PrefabAsset: {fileID: 0}
  m_GameObject: {fileID: 186694232}
  m_Enabled: 1
  m_EditorHideFlags: 0
  m_Script: {fileID: 11500000, guid: 33d7551c50cf69b499782ed73fd25500, type: 3}
  m_Name: 
  m_EditorClassIdentifier: 
  _enemies: []
  _enemyPoints:
  - {fileID: 1929598339}
  - {fileID: 1668865755}
  - {fileID: 1905544450}
--- !u!1 &389920048
GameObject:
  m_ObjectHideFlags: 0
  m_CorrespondingSourceObject: {fileID: 0}
  m_PrefabInstance: {fileID: 0}
  m_PrefabAsset: {fileID: 0}
  serializedVersion: 6
  m_Component:
  - component: {fileID: 389920049}
  - component: {fileID: 389920051}
  - component: {fileID: 389920050}
  m_Layer: 0
  m_Name: Waypoint (1)
  m_TagString: Untagged
  m_Icon: {fileID: 5132851093641282708, guid: 0000000000000000d000000000000000, type: 0}
  m_NavMeshLayer: 0
  m_StaticEditorFlags: 0
  m_IsActive: 1
--- !u!4 &389920049
Transform:
  m_ObjectHideFlags: 0
  m_CorrespondingSourceObject: {fileID: 0}
  m_PrefabInstance: {fileID: 0}
  m_PrefabAsset: {fileID: 0}
  m_GameObject: {fileID: 389920048}
  m_LocalRotation: {x: -0, y: -0, z: -0, w: 1}
  m_LocalPosition: {x: 0, y: 0.17, z: -0.60600007}
  m_LocalScale: {x: 1, y: 0.033333335, z: 1}
  m_Children: []
  m_Father: {fileID: 6722411912115547741}
  m_RootOrder: 2
  m_LocalEulerAnglesHint: {x: 0, y: 0, z: 0}
--- !u!114 &389920050
MonoBehaviour:
  m_ObjectHideFlags: 0
  m_CorrespondingSourceObject: {fileID: 0}
  m_PrefabInstance: {fileID: 0}
  m_PrefabAsset: {fileID: 0}
  m_GameObject: {fileID: 389920048}
  m_Enabled: 1
  m_EditorHideFlags: 0
  m_Script: {fileID: 11500000, guid: 33d7551c50cf69b499782ed73fd25500, type: 3}
  m_Name: 
  m_EditorClassIdentifier: 
  _enemies: []
  _enemyPoints:
  - {fileID: 1917462800}
  - {fileID: 1419645796}
--- !u!114 &389920051
MonoBehaviour:
  m_ObjectHideFlags: 0
  m_CorrespondingSourceObject: {fileID: 0}
  m_PrefabInstance: {fileID: 0}
  m_PrefabAsset: {fileID: 0}
  m_GameObject: {fileID: 389920048}
  m_Enabled: 1
  m_EditorHideFlags: 0
  m_Script: {fileID: 11500000, guid: 99f9b948af152f1408e66ccd150583fb, type: 3}
  m_Name: 
  m_EditorClassIdentifier: 
  _nextPoint: {fileID: 1578966069}
  _trajectory: 0
  _bezierPointsCount: 2
  _bezierSegmentsCount: 20
  _jumpAngle: 0
  _trajectoryTimeStep: 0.1
  _baseLookOption: 1
  _extraLookOption: 0
  _specialLookPoint: {fileID: 0}
  _combatLookPoint: {fileID: 1578966068}
  _startRotationThreshold: 1
  _stopRotationThreshold: 0
  _startCombatThreshold: 1
  _stopMovementThreshold: 1
  _bezierPointsPool: []
  _bezierPoints: []
--- !u!1 &467838443
GameObject:
  m_ObjectHideFlags: 0
  m_CorrespondingSourceObject: {fileID: 0}
  m_PrefabInstance: {fileID: 0}
  m_PrefabAsset: {fileID: 0}
  serializedVersion: 6
  m_Component:
  - component: {fileID: 467838444}
  m_Layer: 12
  m_Name: EnemyPoint
  m_TagString: Untagged
  m_Icon: {fileID: 0}
  m_NavMeshLayer: 0
  m_StaticEditorFlags: 0
  m_IsActive: 1
--- !u!4 &467838444
Transform:
  m_ObjectHideFlags: 0
  m_CorrespondingSourceObject: {fileID: 0}
  m_PrefabInstance: {fileID: 0}
  m_PrefabAsset: {fileID: 0}
  m_GameObject: {fileID: 467838443}
  m_LocalRotation: {x: -0, y: 0.99859947, z: -0, w: 0.052907318}
  m_LocalPosition: {x: -0.26066667, y: -0.048000004, z: 0.888}
  m_LocalScale: {x: 0.03333333, y: 0.033333335, z: 0.03333333}
  m_Children: []
  m_Father: {fileID: 721481079}
  m_RootOrder: 1
  m_LocalEulerAnglesHint: {x: 0, y: 0, z: 0}
--- !u!1 &653748135
GameObject:
  m_ObjectHideFlags: 0
  m_CorrespondingSourceObject: {fileID: 0}
  m_PrefabInstance: {fileID: 0}
  m_PrefabAsset: {fileID: 0}
  serializedVersion: 6
  m_Component:
  - component: {fileID: 653748136}
  m_Layer: 0
  m_Name: Planes
  m_TagString: Untagged
  m_Icon: {fileID: 0}
  m_NavMeshLayer: 0
  m_StaticEditorFlags: 0
  m_IsActive: 1
--- !u!4 &653748136
Transform:
  m_ObjectHideFlags: 0
  m_CorrespondingSourceObject: {fileID: 0}
  m_PrefabInstance: {fileID: 0}
  m_PrefabAsset: {fileID: 0}
  m_GameObject: {fileID: 653748135}
  m_LocalRotation: {x: -0, y: -0, z: -0, w: 1}
  m_LocalPosition: {x: 0, y: 0, z: 0}
  m_LocalScale: {x: 1, y: 1, z: 1}
  m_Children:
  - {fileID: 6722411912115547741}
  - {fileID: 1535703993}
  - {fileID: 2145086639}
  m_Father: {fileID: 1527639581}
  m_RootOrder: 0
  m_LocalEulerAnglesHint: {x: 0, y: 0, z: 0}
--- !u!1 &705507993
GameObject:
  m_ObjectHideFlags: 0
  m_CorrespondingSourceObject: {fileID: 0}
  m_PrefabInstance: {fileID: 0}
  m_PrefabAsset: {fileID: 0}
  serializedVersion: 6
  m_Component:
  - component: {fileID: 705507995}
  - component: {fileID: 705507994}
  m_Layer: 0
  m_Name: Directional Light
  m_TagString: Untagged
  m_Icon: {fileID: 0}
  m_NavMeshLayer: 0
  m_StaticEditorFlags: 0
  m_IsActive: 1
--- !u!108 &705507994
Light:
  m_ObjectHideFlags: 0
  m_CorrespondingSourceObject: {fileID: 0}
  m_PrefabInstance: {fileID: 0}
  m_PrefabAsset: {fileID: 0}
  m_GameObject: {fileID: 705507993}
  m_Enabled: 1
  serializedVersion: 10
  m_Type: 1
  m_Shape: 0
  m_Color: {r: 1, g: 1, b: 1, a: 1}
  m_Intensity: 1
  m_Range: 10
  m_SpotAngle: 30
  m_InnerSpotAngle: 21.80208
  m_CookieSize: 10
  m_Shadows:
    m_Type: 0
    m_Resolution: -1
    m_CustomResolution: -1
    m_Strength: 1
    m_Bias: 0.05
    m_NormalBias: 0.4
    m_NearPlane: 0.2
    m_CullingMatrixOverride:
      e00: 1
      e01: 0
      e02: 0
      e03: 0
      e10: 0
      e11: 1
      e12: 0
      e13: 0
      e20: 0
      e21: 0
      e22: 1
      e23: 0
      e30: 0
      e31: 0
      e32: 0
      e33: 1
    m_UseCullingMatrixOverride: 0
  m_Cookie: {fileID: 0}
  m_DrawHalo: 0
  m_Flare: {fileID: 0}
  m_RenderMode: 0
  m_CullingMask:
    serializedVersion: 2
    m_Bits: 4294967295
  m_RenderingLayerMask: 1
  m_Lightmapping: 1
  m_LightShadowCasterMode: 0
  m_AreaSize: {x: 1, y: 1}
  m_BounceIntensity: 1
  m_ColorTemperature: 6570
  m_UseColorTemperature: 0
  m_BoundingSphereOverride: {x: 0, y: 0, z: 0, w: 0}
  m_UseBoundingSphereOverride: 0
  m_UseViewFrustumForShadowCasterCull: 1
  m_ShadowRadius: 0
  m_ShadowAngle: 0
--- !u!4 &705507995
Transform:
  m_ObjectHideFlags: 0
  m_CorrespondingSourceObject: {fileID: 0}
  m_PrefabInstance: {fileID: 0}
  m_PrefabAsset: {fileID: 0}
  m_GameObject: {fileID: 705507993}
  m_LocalRotation: {x: 0.42261827, y: 0, z: 0, w: 0.9063079}
  m_LocalPosition: {x: 0, y: 3, z: 0}
  m_LocalScale: {x: 1, y: 1, z: 1}
  m_Children: []
  m_Father: {fileID: 0}
  m_RootOrder: 0
  m_LocalEulerAnglesHint: {x: 50, y: 0, z: 0}
--- !u!1 &721481078
GameObject:
  m_ObjectHideFlags: 0
  m_CorrespondingSourceObject: {fileID: 0}
  m_PrefabInstance: {fileID: 0}
  m_PrefabAsset: {fileID: 0}
  serializedVersion: 6
  m_Component:
  - component: {fileID: 721481079}
  - component: {fileID: 721481080}
  - component: {fileID: 721481081}
  m_Layer: 0
  m_Name: Waypoint (4)
  m_TagString: Untagged
  m_Icon: {fileID: 5132851093641282708, guid: 0000000000000000d000000000000000, type: 0}
  m_NavMeshLayer: 0
  m_StaticEditorFlags: 0
  m_IsActive: 1
--- !u!4 &721481079
Transform:
  m_ObjectHideFlags: 0
  m_CorrespondingSourceObject: {fileID: 0}
  m_PrefabInstance: {fileID: 0}
  m_PrefabAsset: {fileID: 0}
  m_GameObject: {fileID: 721481078}
  m_LocalRotation: {x: -0, y: -0, z: -0, w: 1}
  m_LocalPosition: {x: 0.07799998, y: 1.8600001, z: -0.51066667}
  m_LocalScale: {x: 1, y: 30, z: 1}
  m_Children:
  - {fileID: 151791202}
  - {fileID: 467838444}
  m_Father: {fileID: 1535703993}
  m_RootOrder: 2
  m_LocalEulerAnglesHint: {x: 0, y: 0, z: 0}
--- !u!114 &721481080
MonoBehaviour:
  m_ObjectHideFlags: 0
  m_CorrespondingSourceObject: {fileID: 0}
  m_PrefabInstance: {fileID: 0}
  m_PrefabAsset: {fileID: 0}
  m_GameObject: {fileID: 721481078}
  m_Enabled: 1
  m_EditorHideFlags: 0
  m_Script: {fileID: 11500000, guid: 99f9b948af152f1408e66ccd150583fb, type: 3}
  m_Name: 
  m_EditorClassIdentifier: 
  _nextPoint: {fileID: 866697381}
  _trajectory: 0
  _bezierPointsCount: 2
  _bezierSegmentsCount: 20
  _jumpAngle: 0
  _trajectoryTimeStep: 0.1
  _baseLookOption: 2
  _extraLookOption: 0
  _specialLookPoint: {fileID: 0}
  _combatLookPoint: {fileID: 866697380}
  _startRotationThreshold: 1
  _stopRotationThreshold: 0
  _startCombatThreshold: 0.5
  _stopMovementThreshold: 0.3
  _bezierPointsPool: []
  _bezierPoints: []
--- !u!114 &721481081
MonoBehaviour:
  m_ObjectHideFlags: 0
  m_CorrespondingSourceObject: {fileID: 0}
  m_PrefabInstance: {fileID: 0}
  m_PrefabAsset: {fileID: 0}
  m_GameObject: {fileID: 721481078}
  m_Enabled: 1
  m_EditorHideFlags: 0
  m_Script: {fileID: 11500000, guid: 33d7551c50cf69b499782ed73fd25500, type: 3}
  m_Name: 
  m_EditorClassIdentifier: 
  _enemies: []
  _enemyPoints:
  - {fileID: 151791202}
  - {fileID: 467838444}
--- !u!1 &866697379
GameObject:
  m_ObjectHideFlags: 0
  m_CorrespondingSourceObject: {fileID: 0}
  m_PrefabInstance: {fileID: 0}
  m_PrefabAsset: {fileID: 0}
  serializedVersion: 6
  m_Component:
  - component: {fileID: 866697380}
  - component: {fileID: 866697381}
  m_Layer: 0
  m_Name: Waypoint (5)
  m_TagString: Untagged
  m_Icon: {fileID: 5132851093641282708, guid: 0000000000000000d000000000000000, type: 0}
  m_NavMeshLayer: 0
  m_StaticEditorFlags: 0
  m_IsActive: 1
--- !u!4 &866697380
Transform:
  m_ObjectHideFlags: 0
  m_CorrespondingSourceObject: {fileID: 0}
  m_PrefabInstance: {fileID: 0}
  m_PrefabAsset: {fileID: 0}
  m_GameObject: {fileID: 866697379}
  m_LocalRotation: {x: -0, y: -0, z: -0, w: 1}
  m_LocalPosition: {x: -0.3413334, y: 2.5400019, z: 0.33266667}
  m_LocalScale: {x: 1, y: 30, z: 1}
  m_Children: []
  m_Father: {fileID: 1535703993}
  m_RootOrder: 3
  m_LocalEulerAnglesHint: {x: 0, y: 0, z: 0}
--- !u!114 &866697381
MonoBehaviour:
  m_ObjectHideFlags: 0
  m_CorrespondingSourceObject: {fileID: 0}
  m_PrefabInstance: {fileID: 0}
  m_PrefabAsset: {fileID: 0}
  m_GameObject: {fileID: 866697379}
  m_Enabled: 1
  m_EditorHideFlags: 0
  m_Script: {fileID: 11500000, guid: 99f9b948af152f1408e66ccd150583fb, type: 3}
  m_Name: 
  m_EditorClassIdentifier: 
  _nextPoint: {fileID: 186694234}
  _trajectory: 2
  _bezierPointsCount: 2
  _bezierSegmentsCount: 20
  _jumpAngle: 34.48
  _trajectoryTimeStep: 0.1
  _baseLookOption: 2
  _extraLookOption: 0
  _specialLookPoint: {fileID: 0}
  _combatLookPoint: {fileID: 0}
  _startRotationThreshold: 1
  _stopRotationThreshold: 0
  _startCombatThreshold: 0.5
  _stopMovementThreshold: 0.3
  _bezierPointsPool: []
  _bezierPoints: []
--- !u!1 &1079936680
GameObject:
  m_ObjectHideFlags: 0
  m_CorrespondingSourceObject: {fileID: 0}
  m_PrefabInstance: {fileID: 0}
  m_PrefabAsset: {fileID: 0}
  serializedVersion: 6
  m_Component:
  - component: {fileID: 1079936681}
  m_Layer: 0
  m_Name: ConfettiPoint (1)
  m_TagString: Untagged
  m_Icon: {fileID: 0}
  m_NavMeshLayer: 0
  m_StaticEditorFlags: 0
  m_IsActive: 1
--- !u!4 &1079936681
Transform:
  m_ObjectHideFlags: 0
  m_CorrespondingSourceObject: {fileID: 0}
  m_PrefabInstance: {fileID: 0}
  m_PrefabAsset: {fileID: 0}
  m_GameObject: {fileID: 1079936680}
  m_LocalRotation: {x: -0.7071068, y: 0, z: 0, w: 0.7071068}
  m_LocalPosition: {x: 0.2, y: 0, z: 0.3}
  m_LocalScale: {x: 1, y: 1, z: 1}
  m_Children: []
  m_Father: {fileID: 137055124}
  m_RootOrder: 1
  m_LocalEulerAnglesHint: {x: -90, y: 0, z: 0}
--- !u!1 &1324590598
GameObject:
  m_ObjectHideFlags: 0
  m_CorrespondingSourceObject: {fileID: 0}
  m_PrefabInstance: {fileID: 0}
  m_PrefabAsset: {fileID: 0}
  serializedVersion: 6
  m_Component:
  - component: {fileID: 1324590599}
  m_Layer: 0
  m_Name: ConfettiPoint
  m_TagString: Untagged
  m_Icon: {fileID: 0}
  m_NavMeshLayer: 0
  m_StaticEditorFlags: 0
  m_IsActive: 1
--- !u!4 &1324590599
Transform:
  m_ObjectHideFlags: 0
  m_CorrespondingSourceObject: {fileID: 0}
  m_PrefabInstance: {fileID: 0}
  m_PrefabAsset: {fileID: 0}
  m_GameObject: {fileID: 1324590598}
  m_LocalRotation: {x: -0.7071068, y: -0, z: -0, w: 0.7071068}
  m_LocalPosition: {x: -0.19999999, y: 0, z: 0.3}
  m_LocalScale: {x: 1, y: 1, z: 1}
  m_Children: []
  m_Father: {fileID: 137055124}
  m_RootOrder: 0
  m_LocalEulerAnglesHint: {x: 0, y: 0, z: 0}
--- !u!114 &1414270651 stripped
MonoBehaviour:
  m_CorrespondingSourceObject: {fileID: 1257651715106081782, guid: 39cbcb339aee0544b8e01f8d7cbaac3f,
    type: 3}
  m_PrefabInstance: {fileID: 1257651713834419533}
  m_PrefabAsset: {fileID: 0}
  m_GameObject: {fileID: 0}
  m_Enabled: 1
  m_EditorHideFlags: 0
  m_Script: {fileID: 11500000, guid: 258ef1f0007df93468ce1091881d8564, type: 3}
  m_Name: 
  m_EditorClassIdentifier: 
--- !u!1 &1419645795
GameObject:
  m_ObjectHideFlags: 0
  m_CorrespondingSourceObject: {fileID: 0}
  m_PrefabInstance: {fileID: 0}
  m_PrefabAsset: {fileID: 0}
  serializedVersion: 6
  m_Component:
  - component: {fileID: 1419645796}
  m_Layer: 12
  m_Name: EnemyPoint
  m_TagString: Untagged
  m_Icon: {fileID: 0}
  m_NavMeshLayer: 0
  m_StaticEditorFlags: 0
  m_IsActive: 1
--- !u!4 &1419645796
Transform:
  m_ObjectHideFlags: 0
  m_CorrespondingSourceObject: {fileID: 0}
  m_PrefabInstance: {fileID: 0}
  m_PrefabAsset: {fileID: 0}
  m_GameObject: {fileID: 1419645795}
  m_LocalRotation: {x: -0, y: -1, z: -0, w: 0.00000028088027}
  m_LocalPosition: {x: 0.11133333, y: 0, z: 0.041333288}
  m_LocalScale: {x: 0.033333335, y: 30, z: 0.033333335}
  m_Children: []
  m_Father: {fileID: 1578966068}
  m_RootOrder: 1
  m_LocalEulerAnglesHint: {x: 0, y: -179.99998, z: 0}
--- !u!1 &1527639580
GameObject:
  m_ObjectHideFlags: 0
  m_CorrespondingSourceObject: {fileID: 0}
  m_PrefabInstance: {fileID: 0}
  m_PrefabAsset: {fileID: 0}
  serializedVersion: 6
  m_Component:
  - component: {fileID: 1527639581}
  m_Layer: 0
  m_Name: Environment
  m_TagString: Untagged
  m_Icon: {fileID: 0}
  m_NavMeshLayer: 0
  m_StaticEditorFlags: 0
  m_IsActive: 1
--- !u!4 &1527639581
Transform:
  m_ObjectHideFlags: 0
  m_CorrespondingSourceObject: {fileID: 0}
  m_PrefabInstance: {fileID: 0}
  m_PrefabAsset: {fileID: 0}
  m_GameObject: {fileID: 1527639580}
  m_LocalRotation: {x: 0, y: 0, z: 0, w: 1}
  m_LocalPosition: {x: 0, y: 0, z: 0}
  m_LocalScale: {x: 1, y: 1, z: 1}
  m_Children:
  - {fileID: 653748136}
  - {fileID: 1791067244}
  - {fileID: 543450653418315196}
  m_Father: {fileID: 0}
  m_RootOrder: 1
  m_LocalEulerAnglesHint: {x: 0, y: 0, z: 0}
--- !u!1001 &1535703992
PrefabInstance:
  m_ObjectHideFlags: 0
  serializedVersion: 2
  m_Modification:
    m_TransformParent: {fileID: 653748136}
    m_Modifications:
    - target: {fileID: 185598158343807390, guid: 255d1df590aad524d90ce6e0977e461a,
        type: 3}
      propertyPath: m_Name
      value: Platform (1)
      objectReference: {fileID: 0}
    - target: {fileID: 4674636908142955579, guid: 255d1df590aad524d90ce6e0977e461a,
        type: 3}
      propertyPath: m_RootOrder
      value: 1
      objectReference: {fileID: 0}
    - target: {fileID: 4674636908142955579, guid: 255d1df590aad524d90ce6e0977e461a,
        type: 3}
      propertyPath: m_LocalPosition.x
      value: 4.32
      objectReference: {fileID: 0}
    - target: {fileID: 4674636908142955579, guid: 255d1df590aad524d90ce6e0977e461a,
        type: 3}
      propertyPath: m_LocalPosition.y
      value: 2.85
      objectReference: {fileID: 0}
    - target: {fileID: 4674636908142955579, guid: 255d1df590aad524d90ce6e0977e461a,
        type: 3}
      propertyPath: m_LocalPosition.z
      value: 20.99
      objectReference: {fileID: 0}
    - target: {fileID: 4674636908142955579, guid: 255d1df590aad524d90ce6e0977e461a,
        type: 3}
      propertyPath: m_LocalRotation.w
      value: 1
      objectReference: {fileID: 0}
    - target: {fileID: 4674636908142955579, guid: 255d1df590aad524d90ce6e0977e461a,
        type: 3}
      propertyPath: m_LocalRotation.x
      value: -0
      objectReference: {fileID: 0}
    - target: {fileID: 4674636908142955579, guid: 255d1df590aad524d90ce6e0977e461a,
        type: 3}
      propertyPath: m_LocalRotation.y
      value: -0
      objectReference: {fileID: 0}
    - target: {fileID: 4674636908142955579, guid: 255d1df590aad524d90ce6e0977e461a,
        type: 3}
      propertyPath: m_LocalRotation.z
      value: -0
      objectReference: {fileID: 0}
    - target: {fileID: 4674636908142955579, guid: 255d1df590aad524d90ce6e0977e461a,
        type: 3}
      propertyPath: m_LocalEulerAnglesHint.x
      value: 0
      objectReference: {fileID: 0}
    - target: {fileID: 4674636908142955579, guid: 255d1df590aad524d90ce6e0977e461a,
        type: 3}
      propertyPath: m_LocalEulerAnglesHint.y
      value: 0
      objectReference: {fileID: 0}
    - target: {fileID: 4674636908142955579, guid: 255d1df590aad524d90ce6e0977e461a,
        type: 3}
      propertyPath: m_LocalEulerAnglesHint.z
      value: 0
      objectReference: {fileID: 0}
    m_RemovedComponents: []
  m_SourcePrefab: {fileID: 100100000, guid: 255d1df590aad524d90ce6e0977e461a, type: 3}
--- !u!4 &1535703993 stripped
Transform:
  m_CorrespondingSourceObject: {fileID: 4674636908142955579, guid: 255d1df590aad524d90ce6e0977e461a,
    type: 3}
  m_PrefabInstance: {fileID: 1535703992}
  m_PrefabAsset: {fileID: 0}
--- !u!1 &1578966067
GameObject:
  m_ObjectHideFlags: 0
  m_CorrespondingSourceObject: {fileID: 0}
  m_PrefabInstance: {fileID: 0}
  m_PrefabAsset: {fileID: 0}
  serializedVersion: 6
  m_Component:
  - component: {fileID: 1578966068}
  - component: {fileID: 1578966069}
  m_Layer: 0
  m_Name: Waypoint (3)
  m_TagString: Untagged
  m_Icon: {fileID: 5132851093641282708, guid: 0000000000000000d000000000000000, type: 0}
  m_NavMeshLayer: 0
  m_StaticEditorFlags: 0
  m_IsActive: 1
--- !u!4 &1578966068
Transform:
  m_ObjectHideFlags: 0
  m_CorrespondingSourceObject: {fileID: 0}
  m_PrefabInstance: {fileID: 0}
  m_PrefabAsset: {fileID: 0}
  m_GameObject: {fileID: 1578966067}
  m_LocalRotation: {x: -0, y: -0, z: -0, w: 1}
  m_LocalPosition: {x: 0, y: 1, z: 0.35000005}
  m_LocalScale: {x: 1, y: 0.033333335, z: 1}
  m_Children:
  - {fileID: 1917462800}
  - {fileID: 1419645796}
  m_Father: {fileID: 6722411912115547741}
  m_RootOrder: 3
  m_LocalEulerAnglesHint: {x: 0, y: 0, z: 0}
--- !u!114 &1578966069
MonoBehaviour:
  m_ObjectHideFlags: 0
  m_CorrespondingSourceObject: {fileID: 0}
  m_PrefabInstance: {fileID: 0}
  m_PrefabAsset: {fileID: 0}
  m_GameObject: {fileID: 1578966067}
  m_Enabled: 1
  m_EditorHideFlags: 0
  m_Script: {fileID: 11500000, guid: 99f9b948af152f1408e66ccd150583fb, type: 3}
  m_Name: 
  m_EditorClassIdentifier: 
  _nextPoint: {fileID: 721481080}
  _trajectory: 2
  _bezierPointsCount: 2
  _bezierSegmentsCount: 20
  _jumpAngle: 56.65
  _trajectoryTimeStep: 0.1
  _baseLookOption: 1
  _extraLookOption: 2
  _specialLookPoint: {fileID: 866697380}
  _combatLookPoint: {fileID: 0}
  _startRotationThreshold: 1
  _stopRotationThreshold: 0
  _startCombatThreshold: 0.5
  _stopMovementThreshold: 0.3
  _bezierPointsPool: []
  _bezierPoints: []
--- !u!1 &1668865754
GameObject:
  m_ObjectHideFlags: 0
  m_CorrespondingSourceObject: {fileID: 0}
  m_PrefabInstance: {fileID: 0}
  m_PrefabAsset: {fileID: 0}
  serializedVersion: 6
  m_Component:
  - component: {fileID: 1668865755}
  m_Layer: 12
  m_Name: EnemyPoint
  m_TagString: Untagged
  m_Icon: {fileID: 0}
  m_NavMeshLayer: 0
  m_StaticEditorFlags: 0
  m_IsActive: 1
--- !u!4 &1668865755
Transform:
  m_ObjectHideFlags: 0
  m_CorrespondingSourceObject: {fileID: 0}
  m_PrefabInstance: {fileID: 0}
  m_PrefabAsset: {fileID: 0}
  m_GameObject: {fileID: 1668865754}
  m_LocalRotation: {x: -0, y: 0.9907163, z: -0, w: -0.1359459}
  m_LocalPosition: {x: 0.10066669, y: -0.019333348, z: 1.1553333}
  m_LocalScale: {x: 0.033333335, y: 0.033333335, z: 0.033333335}
  m_Children: []
  m_Father: {fileID: 186694233}
  m_RootOrder: 1
  m_LocalEulerAnglesHint: {x: 0, y: 0, z: 0}
--- !u!1 &1750237601
GameObject:
  m_ObjectHideFlags: 0
  m_CorrespondingSourceObject: {fileID: 0}
  m_PrefabInstance: {fileID: 0}
  m_PrefabAsset: {fileID: 0}
  serializedVersion: 6
  m_Component:
  - component: {fileID: 1750237604}
  - component: {fileID: 1750237603}
  - component: {fileID: 1750237602}
  m_Layer: 0
  m_Name: EventSystem
  m_TagString: Untagged
  m_Icon: {fileID: 0}
  m_NavMeshLayer: 0
  m_StaticEditorFlags: 0
  m_IsActive: 1
--- !u!114 &1750237602
MonoBehaviour:
  m_ObjectHideFlags: 0
  m_CorrespondingSourceObject: {fileID: 0}
  m_PrefabInstance: {fileID: 0}
  m_PrefabAsset: {fileID: 0}
  m_GameObject: {fileID: 1750237601}
  m_Enabled: 1
  m_EditorHideFlags: 0
  m_Script: {fileID: 11500000, guid: 4f231c4fb786f3946a6b90b886c48677, type: 3}
  m_Name: 
  m_EditorClassIdentifier: 
  m_HorizontalAxis: Horizontal
  m_VerticalAxis: Vertical
  m_SubmitButton: Submit
  m_CancelButton: Cancel
  m_InputActionsPerSecond: 10
  m_RepeatDelay: 0.5
  m_ForceModuleActive: 0
--- !u!114 &1750237603
MonoBehaviour:
  m_ObjectHideFlags: 0
  m_CorrespondingSourceObject: {fileID: 0}
  m_PrefabInstance: {fileID: 0}
  m_PrefabAsset: {fileID: 0}
  m_GameObject: {fileID: 1750237601}
  m_Enabled: 1
  m_EditorHideFlags: 0
  m_Script: {fileID: 11500000, guid: 76c392e42b5098c458856cdf6ecaaaa1, type: 3}
  m_Name: 
  m_EditorClassIdentifier: 
  m_FirstSelected: {fileID: 0}
  m_sendNavigationEvents: 1
  m_DragThreshold: 10
--- !u!4 &1750237604
Transform:
  m_ObjectHideFlags: 0
  m_CorrespondingSourceObject: {fileID: 0}
  m_PrefabInstance: {fileID: 0}
  m_PrefabAsset: {fileID: 0}
  m_GameObject: {fileID: 1750237601}
  m_LocalRotation: {x: 0, y: 0, z: 0, w: 1}
  m_LocalPosition: {x: 0, y: 0, z: 0}
  m_LocalScale: {x: 1, y: 1, z: 1}
  m_Children: []
  m_Father: {fileID: 0}
  m_RootOrder: 3
  m_LocalEulerAnglesHint: {x: 0, y: 0, z: 0}
--- !u!1 &1791067243
GameObject:
  m_ObjectHideFlags: 0
  m_CorrespondingSourceObject: {fileID: 0}
  m_PrefabInstance: {fileID: 0}
  m_PrefabAsset: {fileID: 0}
  serializedVersion: 6
  m_Component:
  - component: {fileID: 1791067244}
  m_Layer: 0
  m_Name: Enemies
  m_TagString: Untagged
  m_Icon: {fileID: 0}
  m_NavMeshLayer: 0
  m_StaticEditorFlags: 0
  m_IsActive: 1
--- !u!4 &1791067244
Transform:
  m_ObjectHideFlags: 0
  m_CorrespondingSourceObject: {fileID: 0}
  m_PrefabInstance: {fileID: 0}
  m_PrefabAsset: {fileID: 0}
  m_GameObject: {fileID: 1791067243}
  m_LocalRotation: {x: -0, y: -0, z: -0, w: 1}
  m_LocalPosition: {x: 0, y: 0, z: 0}
  m_LocalScale: {x: 1, y: 1, z: 1}
  m_Children: []
  m_Father: {fileID: 1527639581}
  m_RootOrder: 1
  m_LocalEulerAnglesHint: {x: 0, y: 0, z: 0}
--- !u!1 &1890708576
GameObject:
  m_ObjectHideFlags: 0
  m_CorrespondingSourceObject: {fileID: 0}
  m_PrefabInstance: {fileID: 0}
  m_PrefabAsset: {fileID: 0}
  serializedVersion: 6
  m_Component:
  - component: {fileID: 1890708578}
  - component: {fileID: 1890708577}
  - component: {fileID: 1890708579}
  - component: {fileID: 1890708580}
  m_Layer: 0
  m_Name: SceneContext
  m_TagString: Untagged
  m_Icon: {fileID: 0}
  m_NavMeshLayer: 0
  m_StaticEditorFlags: 0
  m_IsActive: 1
--- !u!114 &1890708577
MonoBehaviour:
  m_ObjectHideFlags: 0
  m_CorrespondingSourceObject: {fileID: 0}
  m_PrefabInstance: {fileID: 0}
  m_PrefabAsset: {fileID: 0}
  m_GameObject: {fileID: 1890708576}
  m_Enabled: 1
  m_EditorHideFlags: 0
  m_Script: {fileID: 11500000, guid: 89715ad69b973a14899afa2c6730b30b, type: 3}
  m_Name: 
  m_EditorClassIdentifier: 
  _scriptableObjectInstallers: []
  _monoInstallers:
  - {fileID: 1890708579}
  - {fileID: 1890708580}
  _installerPrefabs: []
  _autoRun: 1
  OnPreInstall:
    m_PersistentCalls:
      m_Calls: []
  OnPostInstall:
    m_PersistentCalls:
      m_Calls: []
  OnPreResolve:
    m_PersistentCalls:
      m_Calls: []
  OnPostResolve:
    m_PersistentCalls:
      m_Calls: []
  _parentNewObjectsUnderSceneContext: 0
  _contractNames: []
  _parentContractNames: []
--- !u!4 &1890708578
Transform:
  m_ObjectHideFlags: 0
  m_CorrespondingSourceObject: {fileID: 0}
  m_PrefabInstance: {fileID: 0}
  m_PrefabAsset: {fileID: 0}
  m_GameObject: {fileID: 1890708576}
  m_LocalRotation: {x: 0, y: 0, z: 0, w: 1}
  m_LocalPosition: {x: 0, y: 0, z: 0}
  m_LocalScale: {x: 1, y: 1, z: 1}
  m_Children: []
  m_Father: {fileID: 0}
  m_RootOrder: 5
  m_LocalEulerAnglesHint: {x: 0, y: 0, z: 0}
--- !u!114 &1890708579
MonoBehaviour:
  m_ObjectHideFlags: 0
  m_CorrespondingSourceObject: {fileID: 0}
  m_PrefabInstance: {fileID: 0}
  m_PrefabAsset: {fileID: 0}
  m_GameObject: {fileID: 1890708576}
  m_Enabled: 1
  m_EditorHideFlags: 0
  m_Script: {fileID: 11500000, guid: c361d35ffbdaa7949a750eb7308134a0, type: 3}
  m_Name: 
  m_EditorClassIdentifier: 
  _spawnPoint: {fileID: 389920051}
  _playerPrefab: {fileID: 6783040225469509316, guid: 1968d97eafa3f6949aa4216f40db5849,
    type: 3}
--- !u!114 &1890708580
MonoBehaviour:
  m_ObjectHideFlags: 0
  m_CorrespondingSourceObject: {fileID: 0}
  m_PrefabInstance: {fileID: 0}
  m_PrefabAsset: {fileID: 0}
  m_GameObject: {fileID: 1890708576}
  m_Enabled: 1
  m_EditorHideFlags: 0
  m_Script: {fileID: 11500000, guid: d98b18de34265ed488b644f188e98b91, type: 3}
  m_Name: 
  m_EditorClassIdentifier: 
  Enemies:
  - Type: 0
    Prefab: {fileID: 4188236173347722173, guid: 533f114da98cc0348acab1ae5801bf72,
      type: 3}
  - Type: 1
    Prefab: {fileID: 1070353271397698943, guid: 3ab7837a8ea06bf418cf03a6a77e2dcf,
      type: 3}
  Type: 1
  EnemyContainer: {fileID: 1791067244}
--- !u!1 &1898434738
GameObject:
  m_ObjectHideFlags: 0
  m_CorrespondingSourceObject: {fileID: 0}
  m_PrefabInstance: {fileID: 0}
  m_PrefabAsset: {fileID: 0}
  serializedVersion: 6
  m_Component:
  - component: {fileID: 1898434739}
  - component: {fileID: 1898434740}
  - component: {fileID: 1898434741}
  m_Layer: 0
  m_Name: Tools
  m_TagString: Untagged
  m_Icon: {fileID: 0}
  m_NavMeshLayer: 0
  m_StaticEditorFlags: 0
  m_IsActive: 1
--- !u!4 &1898434739
Transform:
  m_ObjectHideFlags: 0
  m_CorrespondingSourceObject: {fileID: 0}
  m_PrefabInstance: {fileID: 0}
  m_PrefabAsset: {fileID: 0}
  m_GameObject: {fileID: 1898434738}
  m_LocalRotation: {x: 0, y: 0, z: 0, w: 1}
  m_LocalPosition: {x: -0.13112208, y: 1.5440707, z: -4.487325}
  m_LocalScale: {x: 1, y: 1, z: 1}
  m_Children: []
  m_Father: {fileID: 0}
  m_RootOrder: 4
  m_LocalEulerAnglesHint: {x: 0, y: 0, z: 0}
--- !u!114 &1898434740
MonoBehaviour:
  m_ObjectHideFlags: 0
  m_CorrespondingSourceObject: {fileID: 0}
  m_PrefabInstance: {fileID: 0}
  m_PrefabAsset: {fileID: 0}
  m_GameObject: {fileID: 1898434738}
  m_Enabled: 1
  m_EditorHideFlags: 0
  m_Script: {fileID: 11500000, guid: 93cb5944d76cfdd418642e365a7ea75b, type: 3}
  m_Name: 
  m_EditorClassIdentifier: 
  _paramsArray:
  - _startSize: 2
    _template: {fileID: 6385626449511540844, guid: 9cff85526d98fd044a80b7fd929a9b4d,
      type: 3}
--- !u!114 &1898434741
MonoBehaviour:
  m_ObjectHideFlags: 0
  m_CorrespondingSourceObject: {fileID: 0}
  m_PrefabInstance: {fileID: 0}
  m_PrefabAsset: {fileID: 0}
  m_GameObject: {fileID: 1898434738}
  m_Enabled: 1
  m_EditorHideFlags: 0
  m_Script: {fileID: 11500000, guid: a1469e5996d00a440833fd0a2655e0d4, type: 3}
  m_Name: 
  m_EditorClassIdentifier: 
  _menu: {fileID: 1414270651}
  _player: {fileID: 0}
  _finalPoint: {fileID: 137055125}
  _confettiPoints:
  - {fileID: 1324590599}
  - {fileID: 1079936681}
  _confettiPrefab: {fileID: 6659664598935906055, guid: 8b9427e5ec951d44999460960bf9eeba,
    type: 3}
--- !u!1 &1905544449
GameObject:
  m_ObjectHideFlags: 0
  m_CorrespondingSourceObject: {fileID: 0}
  m_PrefabInstance: {fileID: 0}
  m_PrefabAsset: {fileID: 0}
  serializedVersion: 6
  m_Component:
  - component: {fileID: 1905544450}
  m_Layer: 12
  m_Name: EnemyPoint
  m_TagString: Untagged
  m_Icon: {fileID: 0}
  m_NavMeshLayer: 0
  m_StaticEditorFlags: 0
  m_IsActive: 1
--- !u!4 &1905544450
Transform:
  m_ObjectHideFlags: 0
  m_CorrespondingSourceObject: {fileID: 0}
  m_PrefabInstance: {fileID: 0}
  m_PrefabAsset: {fileID: 0}
  m_GameObject: {fileID: 1905544449}
  m_LocalRotation: {x: -0, y: 1, z: -0, w: -0.00031555092}
  m_LocalPosition: {x: -0.20733331, y: -0.019333348, z: 1.04}
  m_LocalScale: {x: 0.03333333, y: 0.033333335, z: 0.03333333}
  m_Children: []
  m_Father: {fileID: 186694233}
  m_RootOrder: 2
  m_LocalEulerAnglesHint: {x: 0, y: 0, z: 0}
--- !u!1 &1917462799
GameObject:
  m_ObjectHideFlags: 0
  m_CorrespondingSourceObject: {fileID: 0}
  m_PrefabInstance: {fileID: 0}
  m_PrefabAsset: {fileID: 0}
  serializedVersion: 6
  m_Component:
  - component: {fileID: 1917462800}
  m_Layer: 12
  m_Name: EnemyPoint
  m_TagString: Untagged
  m_Icon: {fileID: 0}
  m_NavMeshLayer: 0
  m_StaticEditorFlags: 0
  m_IsActive: 1
--- !u!4 &1917462800
Transform:
  m_ObjectHideFlags: 0
  m_CorrespondingSourceObject: {fileID: 0}
  m_PrefabInstance: {fileID: 0}
  m_PrefabAsset: {fileID: 0}
  m_GameObject: {fileID: 1917462799}
  m_LocalRotation: {x: -0, y: -1, z: -0, w: 0.00000028088027}
  m_LocalPosition: {x: -0.09266668, y: 0, z: -0.077800065}
  m_LocalScale: {x: 0.033333335, y: 30, z: 0.033333335}
  m_Children: []
  m_Father: {fileID: 1578966068}
  m_RootOrder: 0
  m_LocalEulerAnglesHint: {x: 0, y: -179.99998, z: 0}
--- !u!1 &1929598338
GameObject:
  m_ObjectHideFlags: 0
  m_CorrespondingSourceObject: {fileID: 0}
  m_PrefabInstance: {fileID: 0}
  m_PrefabAsset: {fileID: 0}
  serializedVersion: 6
  m_Component:
  - component: {fileID: 1929598339}
  m_Layer: 12
  m_Name: EnemyPoint
  m_TagString: Untagged
  m_Icon: {fileID: 0}
  m_NavMeshLayer: 0
  m_StaticEditorFlags: 0
  m_IsActive: 1
--- !u!4 &1929598339
Transform:
  m_ObjectHideFlags: 0
  m_CorrespondingSourceObject: {fileID: 0}
  m_PrefabInstance: {fileID: 0}
  m_PrefabAsset: {fileID: 0}
  m_GameObject: {fileID: 1929598338}
  m_LocalRotation: {x: -0, y: 1, z: -0, w: -0.00031555092}
  m_LocalPosition: {x: -0.033999987, y: -0.019333348, z: 0.86133325}
  m_LocalScale: {x: 0.03333333, y: 0.033333335, z: 0.03333333}
  m_Children: []
  m_Father: {fileID: 186694233}
  m_RootOrder: 0
  m_LocalEulerAnglesHint: {x: 0, y: 0, z: 0}
--- !u!1001 &2145086638
PrefabInstance:
  m_ObjectHideFlags: 0
  serializedVersion: 2
  m_Modification:
    m_TransformParent: {fileID: 653748136}
    m_Modifications:
    - target: {fileID: 185598158343807390, guid: 255d1df590aad524d90ce6e0977e461a,
        type: 3}
      propertyPath: m_Name
      value: Platform (2)
      objectReference: {fileID: 0}
    - target: {fileID: 4674636908142955579, guid: 255d1df590aad524d90ce6e0977e461a,
        type: 3}
      propertyPath: m_RootOrder
      value: 2
      objectReference: {fileID: 0}
    - target: {fileID: 4674636908142955579, guid: 255d1df590aad524d90ce6e0977e461a,
        type: 3}
      propertyPath: m_LocalScale.x
      value: 20
      objectReference: {fileID: 0}
    - target: {fileID: 4674636908142955579, guid: 255d1df590aad524d90ce6e0977e461a,
        type: 3}
      propertyPath: m_LocalScale.z
      value: 20
      objectReference: {fileID: 0}
    - target: {fileID: 4674636908142955579, guid: 255d1df590aad524d90ce6e0977e461a,
        type: 3}
      propertyPath: m_LocalPosition.x
      value: -6.64
      objectReference: {fileID: 0}
    - target: {fileID: 4674636908142955579, guid: 255d1df590aad524d90ce6e0977e461a,
        type: 3}
      propertyPath: m_LocalPosition.y
      value: 1.82
      objectReference: {fileID: 0}
    - target: {fileID: 4674636908142955579, guid: 255d1df590aad524d90ce6e0977e461a,
        type: 3}
      propertyPath: m_LocalPosition.z
      value: 45.07
      objectReference: {fileID: 0}
    - target: {fileID: 4674636908142955579, guid: 255d1df590aad524d90ce6e0977e461a,
        type: 3}
      propertyPath: m_LocalRotation.w
      value: 1
      objectReference: {fileID: 0}
    - target: {fileID: 4674636908142955579, guid: 255d1df590aad524d90ce6e0977e461a,
        type: 3}
      propertyPath: m_LocalRotation.x
      value: -0
      objectReference: {fileID: 0}
    - target: {fileID: 4674636908142955579, guid: 255d1df590aad524d90ce6e0977e461a,
        type: 3}
      propertyPath: m_LocalRotation.y
      value: -0
      objectReference: {fileID: 0}
    - target: {fileID: 4674636908142955579, guid: 255d1df590aad524d90ce6e0977e461a,
        type: 3}
      propertyPath: m_LocalRotation.z
      value: -0
      objectReference: {fileID: 0}
    - target: {fileID: 4674636908142955579, guid: 255d1df590aad524d90ce6e0977e461a,
        type: 3}
      propertyPath: m_LocalEulerAnglesHint.x
      value: 0
      objectReference: {fileID: 0}
    - target: {fileID: 4674636908142955579, guid: 255d1df590aad524d90ce6e0977e461a,
        type: 3}
      propertyPath: m_LocalEulerAnglesHint.y
      value: 0
      objectReference: {fileID: 0}
    - target: {fileID: 4674636908142955579, guid: 255d1df590aad524d90ce6e0977e461a,
        type: 3}
      propertyPath: m_LocalEulerAnglesHint.z
      value: 0
      objectReference: {fileID: 0}
    m_RemovedComponents: []
  m_SourcePrefab: {fileID: 100100000, guid: 255d1df590aad524d90ce6e0977e461a, type: 3}
--- !u!4 &2145086639 stripped
Transform:
  m_CorrespondingSourceObject: {fileID: 4674636908142955579, guid: 255d1df590aad524d90ce6e0977e461a,
    type: 3}
  m_PrefabInstance: {fileID: 2145086638}
  m_PrefabAsset: {fileID: 0}
--- !u!4 &543450653418315196
Transform:
  m_ObjectHideFlags: 0
  m_CorrespondingSourceObject: {fileID: 0}
  m_PrefabInstance: {fileID: 0}
  m_PrefabAsset: {fileID: 0}
  m_GameObject: {fileID: 919132149477771014}
  m_LocalRotation: {x: -0, y: -0, z: -0, w: 1}
  m_LocalPosition: {x: 0, y: -2, z: 0}
  m_LocalScale: {x: 20, y: 1, z: 20}
  m_Children: []
  m_Father: {fileID: 1527639581}
  m_RootOrder: 2
  m_LocalEulerAnglesHint: {x: 0, y: 0, z: 0}
--- !u!1 &919132149477771014
GameObject:
  m_ObjectHideFlags: 0
  m_CorrespondingSourceObject: {fileID: 0}
  m_PrefabInstance: {fileID: 0}
  m_PrefabAsset: {fileID: 0}
  serializedVersion: 6
  m_Component:
  - component: {fileID: 543450653418315196}
  - component: {fileID: 3469287837268759065}
  - component: {fileID: 1711813855353251539}
  m_Layer: 0
  m_Name: Water
  m_TagString: Untagged
  m_Icon: {fileID: 0}
  m_NavMeshLayer: 0
  m_StaticEditorFlags: 0
  m_IsActive: 1
--- !u!1001 &1257651713834419533
PrefabInstance:
  m_ObjectHideFlags: 0
  serializedVersion: 2
  m_Modification:
    m_TransformParent: {fileID: 0}
    m_Modifications:
    - target: {fileID: 1257651715607801441, guid: 39cbcb339aee0544b8e01f8d7cbaac3f,
        type: 3}
      propertyPath: _determinator
      value: 
      objectReference: {fileID: 1898434741}
    - target: {fileID: 1257651715607801446, guid: 39cbcb339aee0544b8e01f8d7cbaac3f,
        type: 3}
      propertyPath: m_Pivot.x
      value: 0
      objectReference: {fileID: 0}
    - target: {fileID: 1257651715607801446, guid: 39cbcb339aee0544b8e01f8d7cbaac3f,
        type: 3}
      propertyPath: m_Pivot.y
      value: 0
      objectReference: {fileID: 0}
    - target: {fileID: 1257651715607801446, guid: 39cbcb339aee0544b8e01f8d7cbaac3f,
        type: 3}
      propertyPath: m_RootOrder
      value: 2
      objectReference: {fileID: 0}
    - target: {fileID: 1257651715607801446, guid: 39cbcb339aee0544b8e01f8d7cbaac3f,
        type: 3}
      propertyPath: m_AnchorMax.x
      value: 0
      objectReference: {fileID: 0}
    - target: {fileID: 1257651715607801446, guid: 39cbcb339aee0544b8e01f8d7cbaac3f,
        type: 3}
      propertyPath: m_AnchorMax.y
      value: 0
      objectReference: {fileID: 0}
    - target: {fileID: 1257651715607801446, guid: 39cbcb339aee0544b8e01f8d7cbaac3f,
        type: 3}
      propertyPath: m_AnchorMin.x
      value: 0
      objectReference: {fileID: 0}
    - target: {fileID: 1257651715607801446, guid: 39cbcb339aee0544b8e01f8d7cbaac3f,
        type: 3}
      propertyPath: m_AnchorMin.y
      value: 0
      objectReference: {fileID: 0}
    - target: {fileID: 1257651715607801446, guid: 39cbcb339aee0544b8e01f8d7cbaac3f,
        type: 3}
      propertyPath: m_SizeDelta.x
      value: 0
      objectReference: {fileID: 0}
    - target: {fileID: 1257651715607801446, guid: 39cbcb339aee0544b8e01f8d7cbaac3f,
        type: 3}
      propertyPath: m_SizeDelta.y
      value: 0
      objectReference: {fileID: 0}
    - target: {fileID: 1257651715607801446, guid: 39cbcb339aee0544b8e01f8d7cbaac3f,
        type: 3}
      propertyPath: m_LocalPosition.x
      value: 0
      objectReference: {fileID: 0}
    - target: {fileID: 1257651715607801446, guid: 39cbcb339aee0544b8e01f8d7cbaac3f,
        type: 3}
      propertyPath: m_LocalPosition.y
      value: 0
      objectReference: {fileID: 0}
    - target: {fileID: 1257651715607801446, guid: 39cbcb339aee0544b8e01f8d7cbaac3f,
        type: 3}
      propertyPath: m_LocalPosition.z
      value: 0
      objectReference: {fileID: 0}
    - target: {fileID: 1257651715607801446, guid: 39cbcb339aee0544b8e01f8d7cbaac3f,
        type: 3}
      propertyPath: m_LocalRotation.w
      value: 1
      objectReference: {fileID: 0}
    - target: {fileID: 1257651715607801446, guid: 39cbcb339aee0544b8e01f8d7cbaac3f,
        type: 3}
      propertyPath: m_LocalRotation.x
      value: 0
      objectReference: {fileID: 0}
    - target: {fileID: 1257651715607801446, guid: 39cbcb339aee0544b8e01f8d7cbaac3f,
        type: 3}
      propertyPath: m_LocalRotation.y
      value: 0
      objectReference: {fileID: 0}
    - target: {fileID: 1257651715607801446, guid: 39cbcb339aee0544b8e01f8d7cbaac3f,
        type: 3}
      propertyPath: m_LocalRotation.z
      value: 0
      objectReference: {fileID: 0}
    - target: {fileID: 1257651715607801446, guid: 39cbcb339aee0544b8e01f8d7cbaac3f,
        type: 3}
      propertyPath: m_AnchoredPosition.x
      value: 0
      objectReference: {fileID: 0}
    - target: {fileID: 1257651715607801446, guid: 39cbcb339aee0544b8e01f8d7cbaac3f,
        type: 3}
      propertyPath: m_AnchoredPosition.y
      value: 0
      objectReference: {fileID: 0}
    - target: {fileID: 1257651715607801446, guid: 39cbcb339aee0544b8e01f8d7cbaac3f,
        type: 3}
      propertyPath: m_LocalEulerAnglesHint.x
      value: 0
      objectReference: {fileID: 0}
    - target: {fileID: 1257651715607801446, guid: 39cbcb339aee0544b8e01f8d7cbaac3f,
        type: 3}
      propertyPath: m_LocalEulerAnglesHint.y
      value: 0
      objectReference: {fileID: 0}
    - target: {fileID: 1257651715607801446, guid: 39cbcb339aee0544b8e01f8d7cbaac3f,
        type: 3}
      propertyPath: m_LocalEulerAnglesHint.z
      value: 0
      objectReference: {fileID: 0}
    - target: {fileID: 1257651715607801450, guid: 39cbcb339aee0544b8e01f8d7cbaac3f,
        type: 3}
      propertyPath: m_Name
      value: Interface
      objectReference: {fileID: 0}
    m_RemovedComponents: []
  m_SourcePrefab: {fileID: 100100000, guid: 39cbcb339aee0544b8e01f8d7cbaac3f, type: 3}
--- !u!23 &1711813855353251539
MeshRenderer:
  m_ObjectHideFlags: 0
  m_CorrespondingSourceObject: {fileID: 0}
  m_PrefabInstance: {fileID: 0}
  m_PrefabAsset: {fileID: 0}
  m_GameObject: {fileID: 919132149477771014}
  m_Enabled: 1
  m_CastShadows: 1
  m_ReceiveShadows: 1
  m_DynamicOccludee: 1
  m_MotionVectors: 1
  m_LightProbeUsage: 1
  m_ReflectionProbeUsage: 1
  m_RayTracingMode: 2
  m_RayTraceProcedural: 0
  m_RenderingLayerMask: 1
  m_RendererPriority: 0
  m_Materials:
  - {fileID: 2100000, guid: 79b5fa0ed4fb5ab409a128dde50e323a, type: 2}
  m_StaticBatchInfo:
    firstSubMesh: 0
    subMeshCount: 0
  m_StaticBatchRoot: {fileID: 0}
  m_ProbeAnchor: {fileID: 0}
  m_LightProbeVolumeOverride: {fileID: 0}
  m_ScaleInLightmap: 1
  m_ReceiveGI: 1
  m_PreserveUVs: 0
  m_IgnoreNormalsForChartDetection: 0
  m_ImportantGI: 0
  m_StitchLightmapSeams: 1
  m_SelectedEditorRenderState: 3
  m_MinimumChartSize: 4
  m_AutoUVMaxDistance: 0.5
  m_AutoUVMaxAngle: 89
  m_LightmapParameters: {fileID: 0}
  m_SortingLayerID: 0
  m_SortingLayer: 0
  m_SortingOrder: 0
  m_AdditionalVertexStreams: {fileID: 0}
--- !u!33 &3469287837268759065
MeshFilter:
  m_ObjectHideFlags: 0
  m_CorrespondingSourceObject: {fileID: 0}
  m_PrefabInstance: {fileID: 0}
  m_PrefabAsset: {fileID: 0}
  m_GameObject: {fileID: 919132149477771014}
  m_Mesh: {fileID: 2534964839176971238, guid: 5549594e888b3fd419459b429fa24489, type: 3}
--- !u!1001 &6722411912115547740
PrefabInstance:
  m_ObjectHideFlags: 0
  serializedVersion: 2
  m_Modification:
    m_TransformParent: {fileID: 653748136}
    m_Modifications:
    - target: {fileID: 185598158343807390, guid: 255d1df590aad524d90ce6e0977e461a,
        type: 3}
      propertyPath: m_Name
      value: Platform
      objectReference: {fileID: 0}
    - target: {fileID: 4674636908142955579, guid: 255d1df590aad524d90ce6e0977e461a,
        type: 3}
      propertyPath: m_RootOrder
      value: 0
      objectReference: {fileID: 0}
    - target: {fileID: 4674636908142955579, guid: 255d1df590aad524d90ce6e0977e461a,
        type: 3}
      propertyPath: m_LocalPosition.x
      value: 0
      objectReference: {fileID: 0}
    - target: {fileID: 4674636908142955579, guid: 255d1df590aad524d90ce6e0977e461a,
        type: 3}
      propertyPath: m_LocalPosition.y
      value: -0.26
      objectReference: {fileID: 0}
    - target: {fileID: 4674636908142955579, guid: 255d1df590aad524d90ce6e0977e461a,
        type: 3}
      propertyPath: m_LocalPosition.z
      value: 0
      objectReference: {fileID: 0}
    - target: {fileID: 4674636908142955579, guid: 255d1df590aad524d90ce6e0977e461a,
        type: 3}
      propertyPath: m_LocalRotation.w
      value: 1
      objectReference: {fileID: 0}
    - target: {fileID: 4674636908142955579, guid: 255d1df590aad524d90ce6e0977e461a,
        type: 3}
      propertyPath: m_LocalRotation.x
      value: -0
      objectReference: {fileID: 0}
    - target: {fileID: 4674636908142955579, guid: 255d1df590aad524d90ce6e0977e461a,
        type: 3}
      propertyPath: m_LocalRotation.y
      value: -0
      objectReference: {fileID: 0}
    - target: {fileID: 4674636908142955579, guid: 255d1df590aad524d90ce6e0977e461a,
        type: 3}
      propertyPath: m_LocalRotation.z
      value: -0
      objectReference: {fileID: 0}
    - target: {fileID: 4674636908142955579, guid: 255d1df590aad524d90ce6e0977e461a,
        type: 3}
      propertyPath: m_LocalEulerAnglesHint.x
      value: 0
      objectReference: {fileID: 0}
    - target: {fileID: 4674636908142955579, guid: 255d1df590aad524d90ce6e0977e461a,
        type: 3}
      propertyPath: m_LocalEulerAnglesHint.y
      value: 0
      objectReference: {fileID: 0}
    - target: {fileID: 4674636908142955579, guid: 255d1df590aad524d90ce6e0977e461a,
        type: 3}
      propertyPath: m_LocalEulerAnglesHint.z
      value: 0
      objectReference: {fileID: 0}
    m_RemovedComponents: []
  m_SourcePrefab: {fileID: 100100000, guid: 255d1df590aad524d90ce6e0977e461a, type: 3}
--- !u!4 &6722411912115547741 stripped
Transform:
  m_CorrespondingSourceObject: {fileID: 4674636908142955579, guid: 255d1df590aad524d90ce6e0977e461a,
    type: 3}
  m_PrefabInstance: {fileID: 6722411912115547740}
  m_PrefabAsset: {fileID: 0}
